@article{WEKA,
 author = {Hall, Mark and Frank, Eibe and Holmes, Geoffrey and Pfahringer, Bernhard and Reutemann, Peter and Witten, Ian H.},
 title = {The WEKA Data Mining Software: An Update},
 journal = {SIGKDD Explor. Newsl.},
 issue_date = {June 2009},
 volume = {11},
 number = {1},
 month = nov,
 year = {2009},
 issn = {1931-0145},
 pages = {10--18},
 numpages = {9},
 doi = {10.1145/1656274.1656278},
 acmid = {1656278},
 publisher = {ACM},
 address = {New York, NY, USA},
} 

@article{MOA,
  title={{MOA: Massive online analysis}},
  author={Bifet, Albert and Holmes, Geoff and Kirkby, Richard and Pfahringer, Bernhard},
  journal={Journal of Machine Learning Research},
  volume={11},
  number={May},
  pages={1601--1604},
  year={2010}
}
  
@article{MEKA,
    author = {Read, Jesse and Reutemann, Peter and Pfahringer, Bernhard and Holmes, Geoff},
    title = {{MEKA}: A Multi-label/Multi-target Extension to {Weka}},
    journal = {Journal of Machine Learning Research},
    year = {2016},
    volume = {17},
    number = {21},
    pages = {1--5},
} 

@article{sklearn,
  title={Scikit-learn: Machine learning in Python},
  author={Pedregosa, Fabian and Varoquaux, Ga{\"e}l and Gramfort, Alexandre and Michel, Vincent and Thirion, Bertrand and Grisel, Olivier and Blondel, Mathieu and Prettenhofer, Peter and Weiss, Ron and Dubourg, Vincent and others},
  journal={Journal of machine learning research},
  volume={12},
  number={Oct},
  pages={2825--2830},
  year={2011}
}

@ARTICLE{skmultilearn,
author = {{Szyma{\'n}ski}, P. and {Kajdanowicz}, T.},
title = "{A scikit-based Python environment for performing multi-label classification}",
journal = {ArXiv e-prints},
archivePrefix = "arXiv",
eprint = {1702.01460},
primaryClass = "cs.LG",
url = "http://scikit.ml/",
year = 2017,
month = feb,
}

@article{Losing2017,
author = {Losing, Viktor and Hammer, Barbara and Wersing, Heiko},
doi = {10.1109/ICDM.2016.141},
isbn = {9781509054725},
issn = {15504786},
journal = {Proceedings - IEEE International Conference on Data Mining, ICDM},
pages = {291--300},
title = {{KNN classifier with self adjusting memory for heterogeneous concept drift}},
volume = {1},
year = {2017}
}

@article{Domingos2000,
author = {Hulten, Geoff and Spencer, Laurie and Domingos, Pedro},
doi = {10.1145/502512.502529},
isbn = {158113391X},
issn = {10844627},
journal = {Proceedings of the seventh ACM SIGKDD international conference on Knowledge discovery and data mining - KDD '01},
keywords = {,Decision trees,Hoeffding bounds,concept drift,data streams,incremental learning,subsampling},
pages = {97--106},
pmid = {19769901},
title = {{Mining time-changing data streams}},
volume = {18},
year = {2001}
}

@article{Bifet2009,
author = {Bifet, Albert and Gavald{\`{a}}, Ricard},
doi = {10.1007/978-3-642-03915-7_22},
journal = {8th International Symposium on Intelligent Data Analysis},
pages = {249--260},
title = {{Adaptive Learning from Evolving Data Streams}},
year = {2009}
}

@article{Gomes2017,
author = {Gomes, Heitor M. and Bifet, Albert and Read, Jesse and Barddal, Jean Paul and Enembreck, Fabr{\'{i}}cio and Pfharinger, Bernhard and Holmes, Geoff and Abdessalem, Talel},
doi = {10.1007/s10994-017-5642-8},
isbn = {0885-6125},
issn = {15730565},
journal = {Machine Learning},
keywords = {Concept drift,Data stream mining,Ensemble learning,Random forests},
number = {9-10},
pages = {1469--1495},
publisher = {Springer US},
title = {{Adaptive random forests for evolving data stream classification}},
volume = {106},
year = {2017}
}


@inproceedings{Oza2005,
archivePrefix = {arXiv},
author = {Oza, N.C.},
booktitle = {2005 IEEE International Conference on Systems, Man and Cybernetics},
doi = {10.1109/ICSMC.2005.1571498},
isbn = {0-7803-9298-1},
issn = {1062922X},
keywords = {Bagging,boosting,ensemble learning,online learning},
pages = {2340--2345},
pmid = {25246403},
primaryClass = {http:},
publisher = {IEEE},
title = {{Online Bagging and Boosting}},
volume = {3},
year = {2005}
}


@inproceedings{Bifet2010,
author = {Bifet, Albert and Holmes, Geoff and Pfahringer, Bernhard},
booktitle = {Joint European conference on machine learning and knowledge discovery in databases},
number = {1},
pages = {135--150},
title = {{Leveraging Bagging for Evolving Data Streams}},
year = {2010}
}

@article{Bifet2007,
author = {Bifet, Albert and Gavald{\`{a}}, Ricard},
doi = {10.1137/1.9781611972771.42},
isbn = {9780898716306},
journal = {Proceedings of the 2007 SIAM International Conference on Data Mining},
keywords = {and distribution drift,concept,data streams,na,time-changing data},
pages = {443--448},
title = {{Learning from Time-Changing Data with Adaptive Windowing}},
year = {2007}
}

@article{Gama2004,
author = {Gama, Jo{\~{a}}o and Medas, Pedro and Castillo, Gladys and Rodrigues, Pedro},
doi = {10.1007/978-3-540-28645-5_29},
isbn = {3-540-23237-0},
issn = {0302-9743},
keywords = {concept drift,incremental supervised learning,machine learning},
pages = {286--295},
title = {{Learning with Drift Detection}},
year = {2004}
}

@article{Bifet2006,
author = {Bifet, Albert and Morales-bueno, Rafael and Baena-Garcia, Manuel and Campo-Avila, Jose Del and Fidalgo, Raul and Bifet, Albert and Gavalda, Ricard and Morales-bueno, Rafael},
doi = {10.1.1.61.6101},
isbn = {3-540-23237-0},
issn = {0302-9743},
journal = {4th ECML PKDD International Workshop on Knowledge Discovery from Data Streams},
pages = {77--86},
title = {{Early Drift Detection Method}},
volume = {6},
year = {2006}
}

@article{Page1954,
  title={Continuous inspection schemes},
  author={Page, Ewan S},
  journal={Biometrika},
  volume={41},
  number={1/2},
  pages={100--115},
  year={1954},
  publisher={JSTOR}
}

@article{bishop2006pattern,
  title={Pattern Recognition and Machine Learning},
  author={Bishop, Christopher M},
  year={2006},
  publisher={Springer}
}

@book{Bifet-et-al-2018,
  title={Machine Learning for Data Streams with Practical Examples in MOA},
  author={Bifet, Albert and Gavalda, Ricard and Holmes, Geoff and Pfahringer, Bernhard},
  publisher={MIT Press},
  note={\url{https://moa.cms.waikato.ac.nz/book/}},
  year={2018}
}

@article{dawid1984prequential,
  title={Present position and potential developments: Some personal views: Statistical theory: The prequential approach},
  author={Dawid, A Philip},
  journal={Journal of the Royal Statistical Society. Series A (General)},
  pages={278--292},
  year={1984},
  publisher={JSTOR}
}

@inproceedings{Montiel2018fsl,
  title={Learning Fast and Slow: A Unified Batch/Stream Framework},
  author={Montiel, Jacob and Bifet, Albert and Losing, Viktor and Read, Jesse and Abdessalem, Talel},
  booktitle={Big Data (Big Data), 2018 IEEE International Conference on},
  year={2018},
  organization={IEEE}
}