@inproceedings{MillionSong,
  title={The million song dataset},
  author={Bertin-Mahieux, Thierry and Ellis, Daniel PW and Whitman, Brian and Lamere, Paul},
  booktitle={Proceedings of the 12th International Society for Music Information Retrieval Conference},
  year={2011}
}

@article{RCV1,
  title={{RCV1}: A new benchmark collection for text categorization research},
  author={Lewis, David D and Yang, Yiming and Rose, Tony G and Li, Fan},
  journal={Journal of Machine Learning Research},
  year={2004}
}

@inproceedings{URL,
  title={Identifying suspicious {URLs}: an application of large-scale online learning},
  author={Ma, Justin and Saul, Lawrence K. and Savage, Stefan and Voelker, Geoffrey M.},
  booktitle={Proceedings of the $26^{th}$ International Conference on Machine Learning (ICML)},
  year={2009}
}

@article{Covtype,
  author = {Collobert, R. and Bengio, S. and Bengio, Y.},
  title={A parallel mixture of {SVM}s for very large scale problems},
  journal = {Neural Computation},
  year = {2002}
}

@inproceedings{SAG,
  title={A stochastic gradient method with an exponential convergence rate for finite training sets},
  author={{Le Roux}, Nicolas and Schmidt, Mark and Bach, Francis},
  booktitle={Advances in Neural Information Processing Systems 25 (NIPS)},
  year={2012}
}

@inproceedings{svrg,
  title={Accelerating stochastic gradient descent using predictive variance reduction},
  author={Johnson, Rie and Zhang, Tong},
  booktitle={Advances in Neural Information Processing Systems 26 (NIPS)},
  year={2013}
}

@article{SDCA,
  title={Stochastic dual coordinate ascent methods for regularized loss},
  author={Shalev-Shwartz, Shai and Zhang, Tong},
  journal={Journal of Machine Learning Research},
  year={2013}
}

@inproceedings{MISO,
  title={Optimization with first-order surrogate functions},
  author={Julien Mairal},
  booktitle={ICML},
  year={2013}
}

@inproceedings{nonconvex,
	title = {Stochastic Variance Reduction for Nonconvex Optimization},
	author = {Reddi, Sashank J. and Hefny, Ahmed and Sra, Suvrit and P\'ocz\'os, Barnab\'as and Smola, Alex},
	booktitle = {Proceedings of the $33^{rd}$ International Conference on Machine Learning (ICML)},
	year={2016}}

@inproceedings{SAGA,
  title={{SAGA}: A fast incremental gradient method with support for non-strongly convex composite objectives},
  author={Defazio, Aaron and Bach, Francis and Lacoste-Julien, Simon},
  booktitle={Advances in Neural Information Processing Systems 27 (NIPS)},
  year={2014}
}

@inproceedings{BCFW,
  title={Block-coordinate {F}rank-{W}olfe optimization for structural {SVM}s},
  author={Lacoste-Julien, Simon and Jaggi, Martin and Schmidt, Mark and Pletscher, Patrick},
  booktitle={ICML},
  year={2013}
}

@article{robbins1951sgd,
  title={A stochastic approximation method},
  author={Robbins, Herbert and Monro, Sutton},
  journal={The Annals of Mathematical Statistics},
  pages={400--407},
  volume={22},
  year={1951},
}

@inproceedings{bottou2004sgd,
  author = {Bottou, L\'{e}on and {LeCun}, Yann},
  title = {Large Scale Online Learning},
  booktitle = {NIPS},
  year = {2004},
}

@article{marecek2014pBCD,
  title={Distributed Block Coordinate Descent for Minimizing Partially Separable Functions},
  author={Jakub Marecek and Peter Richtarik and Martin Takac},
  journal={arXiv preprint, arXiv:1406.0238v2 [math.OC]},
  year={2014},
}

@article{wang2014aBCFW,
  title={Asynchronous Parallel Block-Coordinate {F}rank-{W}olfe},
  author={Wang, Yu-Xiang and Sadhanala, Veeranjaneyulu and Dai, Wei and Neiswanger, Willie and Sra, Suvrit and Xing, Eric},
  journal={arXiv:1409.6086},
  year={2014}
}

@inproceedings{hogwild,
	title = {Hogwild: A Lock-free Approach to Parallelizing Stochastic Gradient Descent},
	booktitle = {Advances in Neural Information Processing Systems 24 (NIPS)},
	author = {Niu, Feng and Recht, Benjamin and Re, Christopher and Wright, Stephen},
	year = {2011},
}

@inproceedings{downpour,
	title = {Large scale distributed deep networks},
	booktitle = {NIPS},
	author = {Dean, Jeffrey and Corrado, Greg and Monga, Rajat and Chen, Kai and Devin, Matthieu and Mao, Mark and Ranzato, Marc{\textbackslash}textquotesingle aurelio and Senior, Andrew and Tucker, Paul and Yang, Ke and Le, Quoc V. and Ng, Andrew Y.},
	year = {2012},
}

@inproceedings{duchi,
	title = {Asynchronous stochastic convex optimization},
	booktitle = {Advances in Neural Information Processing Systems 28 (NIPS)},
	author = {Duchi, John C. and Chaturapruek, Sorathan and Ré, Christopher},
	year = {2015}
}

@inproceedings{taming,
	title = {Taming the wild: A unified analysis of {Hogwild}!-style algorithms},
	booktitle = {Advances in Neural Information Processing Systems 28 (NIPS)},
	author = {De Sa, Christopher and Zhang, Ce and Olukotun, Kunle and Ré, Christopher},
	year = {2015}
}

@inproceedings{smola,
	title = {On variance reduction in stochastic gradient descent and its asynchronous variants},
	booktitle = {Advances in Neural Information Processing Systems 28 (NIPS)},
	author = {Reddi, Sashank J. and Hefny, Ahmed and Sra, Suvrit and Póczos, Barnabás and Smola, Alex},
	year = {2015}
}

@article{mania,
	title = {Perturbed iterate analysis for asynchronous stochastic optimization},
	journal = {SIAM Journal on Optimization},
	author = {Mania, Horia and Pan, Xinghao and Papailiopoulos, Dimitris and Recht, Benjamin and Ramchandran, Kannan and Jordan, Michael I.},
	year = {2017}
}

@inproceedings{frostig,
	title = {Competing with the empirical risk minimizer in a single pass},
	booktitle = {COLT},
	author = {Frostig, Roy and Ge, Rong and Kakade, Sham M. and Sidford, Aaron},
	year = {2015}
}

@inproceedings{qsaga,
	title = {Variance Reduced Stochastic Gradient Descent with Neighbors},
	booktitle = {Advances in Neural Information Processing Systems 28 (NIPS)},
	author = {Hofmann, Thomas and Lucchi, Aurelien and Lacoste-Julien, Simon and McWilliams, Brian},
	year = {2015}
}

@inproceedings{momentum, 
    Title = {On the importance of initialization and momentum in deep learning}, 
    Booktitle = {ICML}, 
    Author = {Ilya Sutskever and James Martens and George Dahl and Geoffrey Hinton}, 
    Year = {2013}, 
}

@inproceedings{cocoa, 
    Title = {Adding vs. averaging in distributed primal-dual optimization}, 
    Booktitle = {Proceedings of the $32^{nd}$ International Conference on Machine Learning (ICML)}, 
    Author = {Ma, Chenxin and Smith, Virginia and Jaggi, Martin and Jordan, Michael I. and Richtarik, Peter and Takac, Martin}, 
    Year = {2015}, 
}

@article{spark,
	title = {Asynchronous complex analytics in a distributed dataflow architecture},
	journal = {arXiv:1510.07092 [cs.DB]},
	author = {Gonzalez, Joseph and Bailis, Peter and Jordan, Michael and Franklin, Michael and Hellerstein, Joseph and Ghodsi, Ali and Stoica, Ion},
	year = {2015}
}

@inproceedings{asySVRG,
	title = {Fast Asynchronous parallel stochastic gradient descent},
	booktitle = {Proceedings of the $30^{th}$ AAAI Conference on Artificial Intelligence},
	author = {Zhao, Shen-Yi and Li, Wu-Jun},
	year = {2016}
}

@article{adssgo,
	title = {Asynchronous Distributed Semi-Stochastic Gradient Optimization},
	journal = {arXiv:1508.01633 [cs.LG]},
	author = {Zhang, Ruiliang and Zheng, Shuai and Kwok, James},
	year = {2015}
}

@article{s2gd,
	title = {Semi-Stochastic Gradient Descent Methods},
	journal = {arXiv:1312.1666},
	author = {Kone{\v{c}}n{\'y}, Jakub and Richt{\'a}rik, Peter},
	year = {2013}
}

@inproceedings{cyclades,
	title = {Cyclades: Conflict-free Asynchronous Machine Learning},
	booktitle = {Advances in Neural Information Processing Systems 29 (NIPS)},
	author = {Pan, Xinghao and Lam, Maximilian and Tu, Stephen and Papailiopoulos, Dimitris and Zhang, Ce and Jordan, Michael I. and Ramchandran, Kannan and Re, Chris and Recht, Benjamin},
	year = {2016}
}

@article{laggedsaga,
	title = {Minimizing finite sums with the stochastic average gradient},
	journal = {Mathematical Programming},
	author = {Schmidt, M. and Le Roux, N. and Bach, F.},
	year = {2016}
}

@inproceedings{asyncSDCA2015,
  author = {Cho-Jui Hsieh and Hsiang-Fu Yu and Inderjit Dhillon },
  title = {{PASSCoDe}: Parallel Asynchronous Stochastic dual Co-ordinate Descent},
  booktitle = {Proceedings of the $32^{nd}$ International Conference on Machine Learning (ICML)},
  year = {2015},
}

@article{paralleCDrichtarik2015,
	title = {Parallel coordinate descent methods for big data optimization},
	author = "Richt{\'a}rik, Peter and Tak{\'a}{\v{c}}, Martin",
	journal = "Mathematical Programming",
	year="2015",
	pages="1--52",
}

@article{asyncCD2015,
  author  = {Ji Liu and Stephen J. Wright and Christopher R{{\'e}} and Victor Bittorf and Srikrishna Sridhar},
  title   = {An Asynchronous Parallel Stochastic Coordinate Descent Algorithm},
  journal = {Journal of Machine Learning Research},
  year    = {2015},
}

@inproceedings{asyncSGDNonConvex2015,
  author = {Xiangru Lian and Yijun Huang and Yuncheng Li and Ji Liu},
  title = {Asynchronous Parallel Stochastic Gradient for Nonconvex Optimization},
  booktitle = {Advances in Neural Information Processing Systems 28 (NIPS)},
  year = {2015},
}

@book{bertsekasParalle1989,
	author = {Dimitri P. Bertsekas and John N. Tsitsiklis},
	title = {Parallel and Distributed Computation: Numerical Methods},
	year = {1989},
    publisher = {Prentice Hall},
}

@inproceedings{nedicAsyncSub2001,
  author = {A. Nedic and D. P. Bertsekas and V. Borkar},
  title = {Distributed Asynchronous Incremental Subgradient Methods},
  booktitle = {Proceedings of the March 2000 Haifa Workshop "Inherently Parallel Algorithms in Feasibility and Optimization and Their Applications"},
  year = {2001},
}

@inproceedings{srebro,
	author = {Needell, Deanna and Ward, Rachel and Srebro, Nati},
	booktitle = {Advances in Neural Information Processing Systems 27 (NIPS)},
	title = {Stochastic Gradient Descent, Weighted Sampling, and the Randomized {K}aczmarz algorithm},
	year = {2014}
}

@inproceedings{bachandm,
	author = {Moulines, Eric and Bach, Francis R.},
	booktitle = {Advances in Neural Information Processing Systems 24 (NIPS)},
	title = {Non-Asymptotic Analysis of Stochastic Approximation Algorithms for Machine Learning},
	year = "2011"
}

@inproceedings{leblond2016Asaga,
	Author = {R\'emi Leblond and Fabian Pedregosa and Simon Lacoste-Julien},
	Title = {{ASAGA}: Asynchronous Parallel {SAGA}},
	Year = {2017},
    booktitle = {Proceedings of the $20^{th}$ International Conference on Artificial Intelligence and Statistics (AISTATS)},
}

@inproceedings{pedregosa2017maga,
	Author = {Fabian Pedregosa and R\'emi Leblond and Simon Lacoste-Julien},
	Title = {Breaking the nonsmooth barrier: A scalable parallel method for composite optimization},
	Year = {2017},
	booktitle={Advances in Neural Information Processing Systems 30 (NIPS)},
}

@article{schmidt2014sgd,
	Author = {Schmidt, Mark},
	Title = {Convergence rate of stochastic gradient with constant step size},
	Journal = {UBC Technical Report},
	Year = {2014},
}
