%% This BibTeX bibliography file was created using BibDesk.
%% http://bibdesk.sourceforge.net/


%% Created for Zhuoran Yang at 2014-12-22 16:14:55 +0800


%% Saved with string encoding Unicode (UTF-8)

@article{neykov2018unified,
  title={A Unified Theory of Confidence Regions and Testing for High-Dimensional Estimating Equations},
  author={Neykov, Matey and Ning, Yang and Liu, Jun S and Liu, Han and others},
  journal={Statistical Science},
  volume={33},
  number={3},
  pages={427--443},
  year={2018},
  publisher={Institute of Mathematical Statistics}
}

@article{ning2017general,
  title={A general theory of hypothesis tests and confidence regions for sparse high dimensional models},
  author={Ning, Yang and Liu, Han and others},
  journal={The Annals of Statistics},
  volume={45},
  number={1},
  pages={158--195},
  year={2017},
  publisher={Institute of Mathematical Statistics}
}

@article{tan2016replicates,
  title={Replicates in high dimensions, with applications to latent variable graphical models},
  author={Tan, Kean Ming and Ning, Yang and Witten, Daniela M and Liu, Han},
  journal={Biometrika},
  volume={103},
  number={4},
  pages={761--777},
  year={2016},
  publisher={Oxford University Press}
}

@article{gu2015local,
  title={Local and global inference for high dimensional gaussian copula graphical models},
  author={Gu, Quanquan and Cao, Yuan and Ning, Yang and Liu, Han},
  journal={arXiv preprint arXiv:1502.02347},
  year={2015}
}

@article{ning2013high,
  title={High-dimensional semiparametric bigraphical models},
  author={Ning, Yang and Liu, Han},
  journal={Biometrika},
  volume={100},
  number={3},
  pages={655--670},
  year={2013},
  publisher={Oxford University Press}
}

@inproceedings{allen2012log,
  title={A Log-Linear Graphical Model for inferring genetic networks from high-throughput sequencing data},
  author={Allen, Genevera I and Liu, Zhandong},
  booktitle={IEEE International Conference on Bioinformatics and Biomedicine},
  year={2012}
}


@article{anandkumar2012high,
	Author = {Anandkumar, Animashree and Tan, Vincent YF and Huang, Furong and Willsky, Alan S and others},
	Journal = {The Annals of Statistics},
	Number = {3},
	Pages = {1346--1375},
	Publisher = {Institute of Mathematical Statistics},
	Title = {High-dimensional structure estimation in {I}sing models: Local separation criterion},
	Volume = {40},
	Year = {2012}}

@article{buhlmann2014high,
	Author = {B{\"u}hlmann, Peter and Kalisch, Markus and Meier, Lukas},
	Journal = {Annual Review of Statistics and Its Application},
	Pages = {255--278},
	Publisher = {Annual Reviews},
	Title = {High-Dimensional Statistics with a View Toward Applications in Biology},
	Volume = {1},
	Year = {2014}}

@article{banerjee2008model,
	Author = {Banerjee, Onureena and El Ghaoui, Laurent and d'Aspremont, Alexandre},
	Journal = {The Journal of Machine Learning Research},
	Pages = {485--516},
	Publisher = {JMLR. org},
	Title = {Model selection through sparse maximum likelihood estimation for multivariate {G}aussian or binary data},
	Volume = {9},
	Year = {2008}}

@article{bickel2009simultaneous,
	Author = {Bickel, Peter J and Ritov, Ya'acov and Tsybakov, Alexandre B},
	Journal = {The Annals of Statistics},
	Pages = {1705--1732},
	Publisher = {JSTOR},
	Title = {Simultaneous analysis of {LASSO}  and {D}antzig selector},
        Volume = {37},
	Year = {2009}}

@article{breheny2011coordinate,
	Author = {Breheny, Patrick and Huang, Jian},
	Journal = {The Annals of Applied Statistics},
	Number = {1},
	Pages = {232-253},
	Publisher = {NIH Public Access},
	Title = {Coordinate descent algorithms for nonconvex penalized regression, with applications to biological feature selection},
	Volume = {5},
	Year = {2011}}

@article{chen2013selection,
  title={Selection and estimation for mixed graphical models},
  author={Chen, Shizhe and Witten, Daniela M and Shojaie, Ali},
  journal={Biometrika},
  volume={102},
  number={1},
  pages={47--64},
  year={2015},
  publisher={Biometrika Trust}
}

@article{Cheng2013high,
  title={High-dimensional mixed graphical models},
  author={Cheng, Jie and Li, Tianxi and Levina, Elizaveta and Zhu, Ji},
  journal={Journal of Computational and Graphical Statistics},
  volume={26},
  number={2},
  pages={367--378},
  year={2017}
}

@article{chernozhukov2012comparison,
	Author = {Chernozhukov, Victor and Chetverikov, Denis and Kato, Kengo},
	Journal = {Probability Theory and Related Fields},
	Pages = {1--24},
	Publisher = {Springer},
	Title = {Comparison and anti-concentration bounds for maxima of {G}aussian random vectors},
	Year = {2012}}

@article{chernozhukov2012gaussian,
	Author = {Chernozhukov, Victor and Chetverikov, Denis and Kato, Kengo},
	Journal = {arXiv preprint arXiv:1212.6885},
	Title = {{G}aussian approximation of suprema of empirical processes},
	Year = {2012}}

@article{chernozhukov2013gaussian,
	Author = {Chernozhukov, Victor and Chetverikov, Denis and Kato, Kengo and others},
	Journal = {The Annals of Statistics},
	Number = {6},
	Pages = {2786--2819},
	Publisher = {Institute of Mathematical Statistics},
	Title = {{G}aussian approximations and multiplier bootstrap for maxima of sums of high-dimensional random vectors},
	Volume = {41},
	Year = {2013}}

@book{dasgupta2008asymptotic,
	Author = {DasGupta, Anirban},
	Publisher = {Springer},
	Title = {Asymptotic Theory of Statistics and Probability},
	Year = {2008}}

@article{dempster1972covariance,
	Author = {Dempster, Arthur P},
	Journal = {Biometrics},
	Pages = {157--175},
	Publisher = {JSTOR},
	Title = {Covariance selection},
	Year = {1972}}

@article{drton2008sinful,
	Author = {Drton, Mathias and Perlman, Michael D},
	Journal = {Journal of Statistical Planning and Inference},
	Number = {4},
	Pages = {1179--1200},
	Publisher = {Elsevier},
	Title = {A {SIN}ful approach to {G}aussian graphical model selection},
	Volume = {138},
	Year = {2008}}

@article{drton2007multiple,
  title={Multiple Testing and Error Control in {G}aussian Graphical Model Selection},
  author={Drton, Mathias and Perlman, Michael D and others},
  journal={Statistical Science},
  volume={22},
  number={3},
  pages={430--449},
  year={2007},
  publisher={Institute of Mathematical Statistics}
}

@book{edwards2000introduction,
	Author = {Edwards, David},
	Publisher = {Springer},
	Title = {Introduction to Graphical Modelling},
	Year = {2000}}

@article{fan2001variable,
	Author = {Fan, Jianqing and Li, Runze},
	Journal = {Journal of the American Statistical Association},
	Number = {456},
	Pages = {1348--1360},
	Publisher = {Taylor \& Francis},
	Title = {Variable selection via nonconcave penalized likelihood and its oracle properties},
	Volume = {96},
	Year = {2001}}

@article{fan2014high,
  title={High dimensional semiparametric latent graphical model for mixed data},
  author={Fan, Jianqing and Liu, Han and Ning, Yang and Zou, Hui},
  journal={Journal of the Royal Statistical Society: Series B (Statistical Methodology)},
  volume={79},
  number={2},
  pages={405--421},
  year={2017},
  publisher={Wiley Online Library}
}

@article{fan2014strong,
	Author = {Fan, Jianqing and Xue, Lingzhou and Zou, Hui and others},
	Journal = {The Annals of Statistics},
	Number = {3},
	Pages = {819--849},
	Publisher = {Institute of Mathematical Statistics},
	Title = {Strong oracle optimality of folded concave penalized estimation},
	Volume = {42},
	Year = {2014}}

@article{fellinghauer2013stable,
	Author = {Fellinghauer, Bernd and B{\"u}hlmann, Peter and Ryffel, Martin and Von Rhein, Michael and Reinhardt, Jan D},
	Journal = {Computational Statistics \& Data Analysis},
	Pages = {132--152},
	Publisher = {Elsevier},
	Title = {Stable graphical model estimation with Random Forests for discrete, continuous, and mixed variables},
	Volume = {64},
	Year = {2013}}

@techreport{friedman2010applications,
	Author = {Friedman, Jerome and Hastie, Trevor and Tibshirani, Rob},
	Title = {Applications of the {LASSO}  and grouped {LASSO} to the estimation of sparse graphical models},
	Year = {2010}}

@article{friedman2008sparse,
	Author = {Friedman, Jerome and Hastie, Trevor and Tibshirani, Robert},
	Journal = {Biostatistics},
	Number = {3},
	Pages = {432--441},
	Publisher = {Biometrika Trust},
	Title = {Sparse inverse covariance estimation with the graphical {LASSO}},
	Volume = {9},
	Year = {2008}}

@article{van2013asymptotically,
	Author = {{van de Geer}, S. and {B{\"u}hlmann}, P. and {Ritov}, Y. and
	{Dezeure}, R.},
	Doi = {10.1214/14-AOS1221},
	Fjournal = {The Annals of Statistics},
	Journal = {The Annals of Statistics},
	Month = {06},
	Number = {3},
	Pages = {1166--1202},
	Publisher = {The Institute of Mathematical Statistics},
	Title = {On asymptotically optimal confidence regions and tests for high-dimensional models},
	Volume = {42},
	Year = {2014}}

@article{geng2000mixed,
	Author = {Geng, Zhi and Wan, Kang and Tao, Feng},
	Journal = {Scandinavian journal of statistics},
	Number = {3},
	Pages = {433--444},
	Publisher = {Wiley Online Library},
	Title = {Mixed graphical models with missing data and the partial imputation EM algorithm},
	Volume = {27},
	Year = {2000}}

@article{guo2010joint,
	Author = {Guo, Jian and Levina, Elizaveta and Michailidis, George and Zhu, Ji},
	Title = {Joint Structure Estimation for Categorical Markov Networks},
	Year = {2010}}

@article{hofling2009estimation,
	Author = {H{\"o}fling, Holger and Tibshirani, Robert},
	Journal = {The Journal of Machine Learning Research},
	Pages = {883--906},
	Publisher = {JMLR. org},
	Title = {Estimation of sparse binary pairwise markov networks using pseudo-likelihoods},
	Volume = {10},
	Year = {2009}}

@article{houdre2003exponential,
	Author = {Houdre, Christian and Reynaud-Bouret, Patricia},
	Journal = {Stochastic Inequalities and Applications},
	Pages = {55â€”69},
	Publisher = {Springer},
	Title = {Exponential Inequalities, with Constants, for ${U}$-statistics of Order Two},
	Volume = {56},
	Year = {2003}}

@article{jankova2014confidence,
author = "Jankov\'a, Jana and van de Geer, Sara",
doi = "10.1214/15-EJS1031",
journal = "Electronic Journal of Statistics",
number = "1",
pages = "1205--1229",
publisher = "The Institute of Mathematical Statistics and the Bernoulli Society",
title = "Confidence intervals for high-dimensional inverse covariance estimation",
volume = "9",
year = "2015"
}

@article{javanmard2013confidence,
  title={Confidence intervals and hypothesis testing for high-dimensional regression},
  author={Javanmard, Adel and Montanari, Andrea},
  journal={The Journal of Machine Learning Research},
  volume={15},
  number={1},
  pages={2869--2909},
  year={2014},
  publisher={JMLR. org}
}

@article{javanmard2013hypothesis,
	Author = {Javanmard, Adel and Montanari, Andrea},
	Journal = {arXiv preprint arXiv:1301.4240},
	Title = {Hypothesis testing in high-dimensional regression under the {G}aussian random design model: Asymptotic theory},
	Year = {2013}}

@book{koller2009probabilistic,
	Author = {Koller, Daphne and Friedman, Nir},
	Publisher = {MIT press},
	Title = {Probabilistic Graphical Models: Principles and Techniques},
	Year = {2009}}

@book{lauritzen1996graphical,
	Author = {Lauritzen, Steffen L},
	Publisher = {Oxford University Press},
	Title = {Graphical Models},
	Year = {1996}}

@article{lee2013structure,
  title={Learning the structure of mixed graphical models},
  author={Lee, Jason D and Hastie, Trevor J},
  journal={Journal of Computational and Graphical Statistics},
  volume={24},
  number={1},
  pages={230--253},
  year={2015},
  publisher={Taylor \& Francis}
}



@inproceedings{lee2006efficient,
	Author = {Lee, Su-In and Ganapathi, Varun and Koller, Daphne},
	Booktitle= {Advances in neural Information processing systems},
	Title = {Efficient Structure Learning of {M}arkov Networks using $ \ell_1 $-Regularization},
	Year = {2006}
  }

@book{lehmann1998theory,
	Author = {Lehmann, Erich Leo and Casella, George},
	Publisher = {Springer},
	Title = {Theory of Point Estimation},
	Volume = {31},
	Year = {1998}}

@article{liu2012high,
	Author = {Liu, Han and Han, Fang and Yuan, Ming and Lafferty, John and Wasserman, Larry and others},
	Journal = {The Annals of Statistics},
	Number = {4},
	Pages = {2293--2326},
	Publisher = {Institute of Mathematical Statistics},
	Title = {High-dimensional semiparametric {G}aussian copula graphical models},
	Volume = {40},
	Year = {2012}}

@article{liu2009nonparanormal,
	Author = {Liu, Han and Lafferty, John and Wasserman, Larry},
	Journal = {The Journal of Machine Learning Research},
	Pages = {2295--2328},
	Publisher = {JMLR. org},
	Title = {The {N}onparanormal: Semiparametric estimation of high dimensional undirected graphs},
	Volume = {10},
	Year = {2009}}

@article{liu2013gaussian,
	Author = {Liu, Weidong and others},
	Journal = {The Annals of Statistics},
	Number = {6},
	Pages = {2948--2978},
	Publisher = {Institute of Mathematical Statistics},
	Title = {{G}aussian graphical model estimation with false discovery rate control},
	Volume = {41},
	Year = {2013}}

@article{lockhart2014significance,
	Author = {Lockhart, Richard and Taylor, Jonathan and Tibshirani, Ryan J and Tibshirani, Robert and others},
	Journal = {The Annals of Statistics},
	Number = {2},
	Pages = {413--468},
	Publisher = {Institute of Mathematical Statistics},
	Title = {A significance test for the {LASSO}},
	Volume = {42},
	Year = {2014}}

@article{loh2013structure,
	Author = {Loh, Po-Ling and Wainwright, Martin J and others},
	Journal = {The Annals of Statistics},
	Number = {6},
	Pages = {3022--3049},
	Publisher = {Institute of Mathematical Statistics},
	Title = {Structure estimation for discrete graphical models: Generalized covariance matrices and their inverses},
	Volume = {41},
	Year = {2013}}


@article{meinshausen2006high,
	Author = {Meinshausen, Nicolai and B{\"u}hlmann, Peter},
	Journal = {The Annals of Statistics},
	volume={34},
  	number={3},
	Pages = {1436--1462},
	Publisher = {JSTOR},
	Title = {High-dimensional graphs and variable selection with the {LASSO}},
	Year = {2006}}

@article{meinshausen2009lasso,
	Author = {Meinshausen, Nicolai and Yu, Bin},
	Journal = {The Annals of Statistics},
 	volume={37},
  	number={1},
	Pages = {246--270},
	Publisher = {JSTOR},
	Title = {{LASSO}-type recovery of sparse representations for high-dimensional data},
	Year = {2009}}



@article{ning2014sparc,
  title={A likelihood ratio framework for high-dimensional semiparametric regression},
  author={Ning, Yang and Zhao, Tianqi and Liu, Han and others},
  journal={The Annals of Statistics},
  volume={45},
  number={6},
  pages={2299--2327},
  year={2017},
  publisher={Institute of Mathematical Statistics}
}


@article{peng2009partial,
	Author = {Peng, Jie and Wang, Pei and Zhou, Nengfeng and Zhu, Ji},
	Journal = {Journal of the American Statistical Association},
	volume={104},
  	number={486},
  	pages={735--746},
	Title = {Partial correlation estimation by joint sparse regression models},
	Year = {2009}}

@article{ravikumar2010high,
	Author = {Ravikumar, Pradeep and Wainwright, Martin J and Lafferty, John D and others},
	Journal = {The Annals of Statistics},
	Number = {3},
	Pages = {1287--1319},
	Publisher = {Institute of Mathematical Statistics},
	Title = {High-dimensional {I}sing model selection using $\ell_1$-regularized logistic regression},
	Volume = {38},
	Year = {2010}}



@article{ren2013asymptotic,
  title={Asymptotic normality and optimalities in estimation of large Gaussian graphical models},
  author={Ren, Zhao and Sun, Tingni and Zhang, Cun-Hui and Zhou, Harrison H and others},
  journal={The Annals of Statistics},
  volume={43},
  number={3},
  pages={991--1026},
  year={2015},
  publisher={Institute of Mathematical Statistics}
}

@phdthesis{schmidt2010graphical,
	Author = {Schmidt, Mark},
	School = {UNIVERSITY OF BRITISH COLUMBIA},
	Title = {Graphical model structure learning with l1-regularization},
	Year = {2010}}

@inproceedings{schmidt2007learning,
	Author = {Schmidt, Mark and Niculescu-Mizil, Alexandru and Murphy, Kevin},
	Booktitle = {Proceedings of the 22nd national conference on Artificial intelligence-Volume 2},
	Organization = {AAAI Press},
	Pages = {1278--1283},
	Title = {Learning graphical model structure using $\ell_1$-regularization paths},
	Year = {2007}}

@article{lee2016exact,
  title={Exact post-selection inference, with application to the {LASSO}},
  author={Lee, Jason D and Sun, Dennis L and Sun, Yuekai and Taylor, Jonathan E and others},
  journal={The Annals of Statistics},
  volume={44},
  number={3},
  pages={907--927},
  year={2016},
  publisher={Institute of Mathematical Statistics}
}



@article{tibshiranit1996regression,
	Author = {TIBSHIRANIT, ROBERT},
	Journal = {Journal of the Royal Statistical Society. Series B (Methodological)},
	Number = {1},
	Pages = {267--288},
	Title = {Regression Shrinkage and Selection via the {LASSO}},
	Volume = {58},
	Year = {1996}}

@book{van2000asymptotic,
	Author = {Van der Vaart, Aad W},
	Publisher = {Cambridge university press},
	Title = {Asymptotic Statistics},
	Year = {2000}}

@article{wainwright2008graphical,
	Author = {Wainwright, Martin J and Jordan, Michael I},
	Journal = {Foundations and Trends{\textregistered} in Machine Learning},
	Number = {1-2},
	Pages = {1--305},
	Publisher = {Now Publishers Inc.},
	Title = {Graphical models, exponential families, and variational inference},
	Volume = {1},
	Year = {2008}}


@article{wang2013optimal,
	Author = {Wang, Zhaoran and Liu, Han and Zhang, Tong},
	Doi = {10.1214/14-AOS1238},
	Fjournal = {The Annals of Statistics},
	Journal = {The Annals of Statistics},
	Month = {12},
	Number = {6},
	Pages = {2164--2201},
	Publisher = {The Institute of Mathematical Statistics},
	Title = {Optimal computational and statistical rates of convergence for sparse nonconvex learning problems},
	Volume = {42},
	Year = {2014}}

@article{wasserman2013estimating,
	Author = {Wasserman, Larry and Kolar, Mladen and Rinaldo, Alessandro},
	Journal = {arXiv preprint arXiv:1309.6933},
	Title = {Estimating undirected graphs under weak assumptions},
	Year = {2013}}

@article{wasserman2014berry,
	Author = {Wasserman, Larry and Kolar, Mladen and Rinaldo, Alessandro and others},
	Journal = {Electronic Journal of Statistics},
	Pages = {1188--1224},
	Publisher = {Institute of Mathematical Statistics},
	Title = {Berry-Esseen bounds for estimating undirected graphs},
	Volume = {8},
	Year = {2014}}

@book{whittaker2009graphical,
	Author = {Whittaker, Joe},
	Publisher = {Wiley Publishing},
	Title = {Graphical Models in Applied Multivariate Statistics},
	Year = {2009}}

@article{xue2012nonconcave,
	Author = {Xue, Lingzhou and Zou, Hui and Cai, Tianxi and others},
	Journal = {The Annals of Statistics},
	Number = {3},
	Pages = {1403--1429},
	Publisher = {Institute of Mathematical Statistics},
	Title = {Nonconcave penalized composite conditional likelihood estimation of sparse {I}sing models},
	Volume = {40},
	Year = {2012}}

@article{xue2012regularized,
	Author = {Xue, Lingzhou and Zou, Hui and others},
	Journal = {The Annals of Statistics},
	Number = {5},
	Pages = {2541--2571},
	Publisher = {Institute of Mathematical Statistics},
	Title = {Regularized rank-based estimation of high-dimensional nonparanormal graphical models},
	Volume = {40},
	Year = {2012}}


@article{yang2014mixed,
  title={A General Framework for Mixed Graphical Models},
  author={Yang, Eunho and Ravikumar, Pradeep and Allen, Genevera I and Baker, Yulia and Wan, Ying-Wooi and Liu, Zhandong},
  journal={arXiv preprint arXiv:1411.0288},
  year={2014}
}

@article{yang2013conditional,
	Author = {Yang, Eunho and Ravikumar, Pradeep and Allen, Genevera I and Liu, Zhandong},
	journal = {Advances in Neural Information Processing Systems},
	Pages = {683--691},
	Title = {Conditional Random Fields via Univariate Exponential Families},
	Year = {2013}}

@article{yang2013graphical,
	Author = {Yang, Eunho and Ravikumar, Pradeep and Allen, Genevera I and Liu, Zhandong},
	Journal = {arXiv preprint arXiv:1301.4183},
	Title = {On graphical models via univariate exponential family distributions},
	Year = {2013}}

@article{yang2013poisson,
  title={On {P}oisson Graphical Models},
  author={Yang, Eunho and Ravikumar, Pradeep and Allen, Genevera I and Liu, Zhandong},
  journal={Advances in Neural Information Processing Systems},
  pages={1718--1726},
  year={2013}
}

@article{yuan2007model,
	Author = {Yuan, Ming and Lin, Yi},
	Journal = {Biometrika},
	Number = {1},
	Pages = {19--35},
	Publisher = {Biometrika Trust},
	Title = {Model selection and estimation in the {G}aussian graphical model},
	Volume = {94},
	Year = {2007}}

@article{zhang2010nearly,
	Author = {Zhang, Cun-Hui and others},
	Journal = {The Annals of Statistics},
	Number = {2},
	Pages = {894--942},
	Publisher = {Institute of Mathematical Statistics},
	Title = {Nearly unbiased variable selection under minimax concave penalty},
	Volume = {38},
	Year = {2010}}

@article{zhang2014confidence,
	Author = {Zhang, Cun-Hui and Zhang, Stephanie S},
	Journal = {Journal of the Royal Statistical Society: Series B (Statistical Methodology)},
	Number = {1},
	Pages = {217--242},
	Publisher = {Wiley Online Library},
	Title = {Confidence intervals for low dimensional parameters in high dimensional linear models},
	Volume = {76},
	Year = {2014}}

@article{zhang2011multi,
	Author = {Zhang, Tong},
	Journal = {arXiv preprint arXiv:1106.0565},
	Title = {Multi-stage convex relaxation for feature selection},
	Year = {2011}}

@article{zhang2010analysis,
	Author = {Zhang, Tong},
	Journal = {The Journal of Machine Learning Research},
	Pages = {1081--1107},
	Publisher = {JMLR. org},
	Title = {Analysis of multi-stage convex relaxation for sparse regularization},
	Volume = {11},
	Year = {2010}}

@article{zhang2013multi,
	Author = {Zhang, Tong and others},
	Journal = {Bernoulli},
	Number = {5B},
	Pages = {2277--2293},
	Publisher = {Bernoulli Society for Mathematical Statistics and Probability},
	Title = {Multi-stage convex relaxation for feature selection},
	Volume = {19},
	Year = {2013}}

@article{zhang2014bootstrapping,
	Author = {Zhang, Xianyang and Cheng, Guang},
	Journal = {arXiv preprint arXiv:1406.1037},
	Title = {Bootstrapping High Dimensional Time Series},
	Year = {2014}}

@article{zhao2006model,
	Author = {Zhao, Peng and Yu, Bin},
	Journal = {The Journal of Machine Learning Research},
	Pages = {2541--2563},
	Publisher = {JMLR. org},
	Title = {On model selection consistency of {LASSO}},
	Volume = {7},
	Year = {2006}}

@article{zou2008one,
	Author = {Zou, Hui and Li, Runze},
	Journal = {Annals of statistics},
	Number = {4},
	Pages = {1509},
	Publisher = {NIH Public Access},
	Title = {One-step sparse estimates in nonconcave penalized likelihood models},
	Volume = {36},
	Year = {2008}}


@article{tibshirani1996regression,
  title={Regression Shrinkage and Selection via the {LASSO}},
  author={Tibshirani, Robert},
  journal={Journal of the Royal Statistical Society. Series B (Methodological)},
  volume={58},
  number={1},
  pages={267--288},
  year={1996}
}

@article{candes2005decoding,
  title={Decoding by linear programming},
  author={Cand\'{e}s, Emmanuel J and Tao, Terence},
  journal={IEEE Transactions on Information Theory},
  volume={51},
  number={12},
  pages={4203--4215},
  year={2005},
  publisher={IEEE}
}

@article{van2008high,
  title={High-dimensional generalized linear models and the {LASSO}},
  author={Van de Geer, Sara A},
  journal={The Annals of Statistics},
  volume={36},
  number={2},
  pages={614--645},
  year={2008},
  publisher={Institute of Mathematical Statistics}
}

@article{tsoumakas2011mulan,
  title={Mulan: A java library for multi-label learning},
  author={Tsoumakas, Grigorios and Spyromitros-Xioufis, Eleftherios and Vilcek, Jozef and Vlahavas, Ioannis},
  journal={The Journal of Machine Learning Research},
  volume={12},
  pages={2411--2414},
  year={2011},
  publisher={JMLR. org}
}


@article{turnbull2008semantic,
  title={Semantic annotation and retrieval of music and sound effects},
  author={Turnbull, Douglas and Barrington, Luke and Torres, David and Lanckriet, Gert},
  journal={IEEE Transactions on Audio, Speech, and Language Processing},
  volume={16},
  number={2},
  pages={467--476},
  year={2008},
  publisher={IEEE}
}



@article{tzanetakis2002musical,
  title={Musical genre classification of audio signals},
  author={Tzanetakis, George and Cook, Perry},
  journal={Speech and Audio Processing, IEEE transactions on},
  volume={10},
  number={5},
  pages={293--302},
  year={2002},
  publisher={IEEE}
}


@article{voorman2014inference,
  title={Inference in High Dimensions with the Penalized Score Test},
  author={Voorman, Arend and Shojaie, Ali and Witten, Daniela},
  journal={arXiv preprint arXiv:1401.2678},
  year={2014}
}

@article{xiao2013proximal,
  title={A proximal-gradient homotopy method for the sparse least-squares problem},
  author={Xiao, Lin and Zhang, Tong},
  journal={SIAM Journal on Optimization},
  volume={23},
  number={2},
  pages={1062--1091},
  year={2013},
  publisher={SIAM}
}

@article{raskutti2010restricted,
  title={Restricted eigenvalue properties for correlated {G}aussian designs},
  author={Raskutti, Garvesh and Wainwright, Martin J and Yu, Bin},
  journal={The Journal of Machine Learning Research},
  volume={11},
  pages={2241--2259},
  year={2010},
  publisher={JMLR. org}
}


@article{negahban2012unified,
author = {Negahban, Sahand N. and Ravikumar, Pradeep and Wainwright, Martin J. and Yu, Bin},
journal = {Statistical Science},
month = "11",
number = "4",
pages = "538--557",
publisher = "The Institute of Mathematical Statistics",
title = {A Unified Framework for High-Dimensional Analysis of {M}-Estimators with Decomposable Regularizers},
volume = "27",
year = "2012"
}


@article{loh2013regularized,
  title={Regularized {M}-estimators with Nonconvexity: Statistical and Algorithmic Theory for Local Optima},
  author={Loh, Po-Ling and Wainwright, Martin J},
  journal={Journal of Machine Learning Research},
  volume={16},
  pages={559--616},
  year={2015}
}

@article{mohan2014node,
  title={Node-based learning of multiple {G}aussian graphical models},
  author={Mohan, Karthik and London, Palma and Fazel, Maryam and Witten, Daniela and Lee, Su-In},
  journal={The Journal of Machine Learning Research},
  volume={15},
  number={1},
  pages={445--488},
  year={2014},
  publisher={JMLR. org}
}


@article{voorman2014graph,
  title={Graph estimation with joint additive models},
  author={Voorman, Arend and Shojaie, Ali and Witten, Daniela},
  journal={Biometrika},
  volume={101},
  number={1},
  pages={85--101},
  year={2014},
  publisher={Oxford University Press}
}

@article{danaher2014joint,
  title={The joint graphical {LASSO}  for inverse covariance estimation across multiple classes},
  author={Danaher, Patrick and Wang, Pei and Witten, Daniela M},
  journal={Journal of the Royal Statistical Society: Series B (Statistical Methodology)},
  volume={76},
  number={2},
  pages={373--397},
  year={2014},
  publisher={Wiley Online Library}
}

@ARTICLE{luo2014sure,
   author = {{Luo}, S. and {Song}, R. and {Witten}, D.},
    title = "{Sure Screening for {G}aussian Graphical Models}",
  journal = {ArXiv e-prints},
archivePrefix = "arXiv",
   eprint = {1407.7819},
 primaryClass = "stat.ML",
 keywords = {Statistics - Machine Learning, COMPUTER SCIENCE - Learning},
     year = 2014,
    month = jul,
   adsurl = {http://adsabs.harvard.edu/abs/2014arXiv1407.7819L},
  adsnote = {Provided by the SAO/NASA Astrophysics Data System}
}


@article{cheng2012sparse,
  title={A sparse {I}sing model with covariates},
  author={Cheng, Jie and Levina, Elizaveta and Wang, Pei and Zhu, Ji},
  journal={Biometrics},
  volume={70},
  number={4},
  pages={943--953},
  year={2014}
}


@article{guo2014graphical,
  title={Graphical Models for Ordinal Data},
  author={Guo, Jian and Levina, Elizaveta and Michailidis, George and Zhu, Ji},
  journal={Journal of Computational and Graphical Statistics},
  volume={24},
  number={1},
  pages={183--204},
  year={2015},
  publisher={Taylor \& Francis}
}

@article{guo2011joint,
  title={Joint estimation of multiple graphical models},
  author={Guo, Jian and Levina, Elizaveta and Michailidis, George and Zhu, Ji},
  journal={Biometrika},
  volume={98},
  number={1},
  pages={1--15},
  year={2011},
  publisher={Oxford University Press}
}

@article{guo2010pairwise,
  title={Pairwise Variable Selection for High-Dimensional Model-Based Clustering},
  author={Guo, Jian and Levina, Elizaveta and Michailidis, George and Zhu, Ji},
  journal={Biometrics},
  volume={66},
  number={3},
  pages={793--804},
  year={2010},
  publisher={Wiley Online Library}
}


@article{lam2009sparsistency,
  title={Sparsistency and rates of convergence in large covariance matrix estimation},
  author={Lam, Clifford and Fan, Jianqing},
  journal={Annals of statistics},
  volume={37},
  number={6B},
  pages={4254--4278},
  year={2009},
  publisher={NIH Public Access}
}

@article{bickel2008covariance,
  title={Covariance regularization by thresholding},
  author={Bickel, Peter J and Levina, Elizaveta and others},
  journal={The Annals of Statistics},
  volume={36},
  number={6},
  pages={2577--2604},
  year={2008},
  publisher={Institute of Mathematical Statistics}
}

@article{shen2012likelihood,
  title={Likelihood-based selection and sharp parameter estimation},
  author={Shen, Xiaotong and Pan, Wei and Zhu, Yunzhang},
  journal={Journal of the American Statistical Association},
  volume={107},
  number={497},
  pages={223--232},
  year={2012},
  publisher={Taylor \& Francis}
}

@inproceedings{johnson2012high,
  title={High-dimensional Sparse Inverse Covariance Estimation using Greedy Methods},
  author={Johnson, Christopher C and Jalali, Ali and Ravikumar, Pradeep D},
  booktitle={International Conference on Artificial Intelligence and Statistics},
  pages={574--582},
  year={2012}
}



@article{ravikumar2011high,
  title={High-dimensional covariance estimation by minimizing $\ell_1$-penalized log-determinant divergence},
  author={Ravikumar, Pradeep and Wainwright, Martin J and Raskutti, Garvesh and Yu, Bin and others},
  journal={Electronic Journal of Statistics},
  volume={5},
  pages={935--980},
  year={2011},
  publisher={Institute of Mathematical Statistics}
}

@article{rothman2008sparse,
  title={Sparse permutation invariant covariance estimation},
  author={Rothman, Adam J and Bickel, Peter J and Levina, Elizaveta and Zhu, Ji},
  journal={Electronic Journal of Statistics},
  volume={2},
  pages={494--515},
  year={2008}
}


@article{cai2011constrained,
  title={A constrained $\ell_1$-minimization approach to sparse precision matrix estimation},
  author={Cai, Tony and Liu, Weidong and Luo, Xi},
  journal={Journal of the American Statistical Association},
  volume={106},
  number={494},
  pages={594--607},
  year={2011},
  publisher={Taylor \& Francis}
}

@article{yuan2010high,
  title={High Dimensional Inverse Covariance Matrix Estimation via Linear Programming},
  author={Yuan, Ming},
  journal={Journal of Machine Learning Research},
  volume={11},
  pages={2261--2286},
  year={2010}
}

@article{sun2013sparse,
  title={Sparse matrix inversion with scaled {LASSO}},
  author={Sun, Tingni and Zhang, Cun-Hui},
  journal={The Journal of Machine Learning Research},
  volume={14},
  number={1},
  pages={3385--3418},
  year={2013},
  publisher={JMLR. org}
}

@article{tan2014learning,
  title={Learning graphical models with hubs},
  author={Tan, Kean Ming and London, Palma and Mohan, Karthik and Lee, Su-In and Fazel, Maryam and Witten, Daniela},
  journal={The Journal of Machine Learning Research},
  volume={15},
  number={1},
  pages={3297--3331},
  year={2014},
  publisher={JMLR. org}
}


@article{meinshausen2009p,
  title={p-Values for High-Dimensional Regression},
  author={Meinshausen, Nicolai and Meier, Lukas and B{\"u}hlmann, Peter},
  journal={Journal of the American Statistical Association},
  volume={104},
  number={488},
  pages={1671--1681},
  year={2009},
  publisher={American Statistical Association}
}





@article{wasserman2009high,
  title={HIGH DIMENSIONAL VARIABLE SELECTION.},
  author={Wasserman, L and Roeder, K},
  journal={Annals of statistics},
  volume={37},
  number={5A},
  pages={2178--2201},
  year={2009},
  publisher={NIH Public Access}
}




@article{shah2013variable,
  title={Variable selection with error control: another look at stability selection},
  author={Shah, Rajen D and Samworth, Richard J},
  journal={Journal of the Royal Statistical Society: Series B (Statistical Methodology)},
  volume={75},
  number={1},
  pages={55--80},
  year={2013},
  publisher={Wiley Online Library}
}


@article{meinshausen2010stability,
  title={Stability selection},
  author={Meinshausen, Nicolai and B{\"u}hlmann, Peter},
  journal={Journal of the Royal Statistical Society: Series B (Statistical Methodology)},
  volume={72},
  number={4},
  pages={417--473},
  year={2010},
  publisher={Wiley Online Library}
}



@article{belloni2013honest,
  title={Honest confidence regions for a regression parameter in logistic regression with a large number of controls},
  author={Belloni, Alexandre and Chernozhukov, Victor and Wei, Ying},
  journal={arXiv:1304.3969},
  year={2013}
}

@article{belloni2012sparse,
  title={Sparse models and methods for optimal instruments with an application to eminent domain},
  author={Belloni, Alexandre and Chen, Daniel and Chernozhukov, Victor and Hansen, Christian},
  journal={Econometrica},
  volume={80},
  number={6},
  pages={2369--2429},
  year={2012},
  publisher={Wiley Online Library}
}


@article{fan2011nonconcave,
  title={Nonconcave penalized likelihood with {NP}-dimensionality},
  author={Fan, Jianqing and Lv, Jinchi},
  journal={Information Theory, IEEE Transactions on},
  volume={57},
  number={8},
  pages={5467--5484},
  year={2011},
  publisher={IEEE}
}

@article{bradic2011penalized,
  title={Penalized composite quasi-likelihood for ultrahigh dimensional variable selection},
  author={Bradic, Jelena and Fan, Jianqing and Wang, Weiwei},
  journal={Journal of the Royal Statistical Society: Series B (Statistical Methodology)},
  volume={73},
  number={3},
  pages={325--349},
  year={2011},
  publisher={Wiley Online Library}
}



@ARTICLE{2015leecomunication,
   author = {{Lee}, J.~D. and {Sun}, Y. and {Liu}, Q. and {Taylor}, J.~E.
  },
    title = "{Communication-efficient sparse regression: a one-shot approach}",
  journal = {ArXiv e-prints},
archivePrefix = "arXiv",
   eprint = {1503.04337},
 primaryClass = "stat.ML",
 keywords = {Statistics - Machine Learning, Computer Science - Learning},
     year = 2015,
    month = mar,
   adsurl = {http://adsabs.harvard.edu/abs/2015arXiv150304337L},
  adsnote = {Provided by the SAO/NASA Astrophysics Data System}
}


@article{zhang2008sparsity,
  title={The sparsity and bias of the {LASSO} selection in high-dimensional linear regression},
  author={Zhang, Cun-Hui and Huang, Jian},
  journal={The Annals of Statistics},
  pages={1567--1594},
  year={2008},
  publisher={JSTOR}
}


@article{arcones1995bernstein,
  title={A {B}ernstein-type inequality for ${U}$-statistics and ${U}$-processes},
  author={Arcones, Miguel A},
  journal={Statistics \& probability letters},
  volume={22},
  number={3},
  pages={239--247},
  year={1995},
  publisher={Elsevier}
}



@article{besag1974spatial,
  title={Spatial Interaction and the Statistical Analysis of Lattice Systems},
  author={Besag, Julian},
  journal={Journal of the Royal Statistical Society. Series B (Methodological)},
  volume={36},
  number={2},
  pages={192--236},
  year={1974}
}


@article{fan2018lamm,
  title={I-{LAMM} for sparse learning: Simultaneous control of algorithmic complexity and statistical error},
  author={Fan, Jianqing and Liu, Han and Sun, Qiang and Zhang, Tong},
  journal={Annals of statistics},
  volume={46},
  number={2},
  pages={814--841},
  year={2018},
  publisher={NIH Public Access}
}



@article{candes2007dantzig,
  title={The {D}antzig selector: Statistical estimation when p is much larger than n},
  author={Cand\'{e}s, Emmanuel and Tao, Terence and others},
  journal={The Annals of Statistics},
  volume={35},
  number={6},
  pages={2313--2351},
  year={2007},
  publisher={Institute of Mathematical Statistics}
}


@manual{gepicasso,
  title={Picasso: A Sparse Learning Library for High Dimensional Data Analysis in R and Python},
  author={Ge, J and Li, X and Jiang, H and Liu, H and Zhang, T and Wang, M and Zhao, T},
  year={2017},
  note={R package}
}
@article{zhao2018pathwise,
  title={Pathwise coordinate optimization for sparse learning: Algorithm and theory},
  author={Zhao, Tuo and Liu, Han and Zhang, Tong and others},
  journal={The Annals of Statistics},
  volume={46},
  number={1},
  pages={180--218},
  year={2018},
  publisher={Institute of Mathematical Statistics}
}



@article{parikh2014proximal,
  title={Proximal algorithms},
  author={Parikh, Neal and Boyd, Stephen and others},
  journal={Foundations and Trends{\textregistered} in Optimization},
  volume={1},
  number={3},
  pages={127--239},
  year={2014},
  publisher={Now Publishers, Inc.}
}



@manual{isingsampler,
  title={Sampling Methods and Distribution Functions for the Ising Model},
  author={Epskamp, Sasha},
  year={2015},
  note={R package}
}

@article{chan2012nuisance,
  title={Nuisance parameter elimination for proportional likelihood ratio models with nonignorable missingness and random truncation},
  author={Chan, Kwun Chuen Gary},
  journal={Biometrika},
  volume={100},
  number={1},
  pages={269--276},
  year={2012}
}



@article{liang2000regression,
  title={Regression analysis under non-standard situations: a pairwise pseudolikelihood approach},
  author={Liang, Kung-Yee and Qin, Jing},
  journal={Journal of the Royal Statistical Society: Series B (Statistical Methodology)},
  volume={62},
  number={4},
  pages={773--786},
  year={2000}
}


@article{diao2012maximum,
  title={Maximum Likelihood Estimation for Semiparametric Density Ratio Model},
  author={Diao, Guoqing and Ning, Jing and others},
  journal={The International Journal of Biostatistics},
  volume={8},
  number={1},
  pages={1--29},
  year={2012},
  publisher={De Gruyter}
}
