@ARTICLE{atici&servedio:qlearning,
 AUTHOR    = "A. {At\i c\i} and R. Servedio",
 TITLE     = "Improved bounds on quantum learning algorithms",
 JOURNAL = "Quantum Information Processing",
 VOLUME = 4,
 NUMBER = 5,
 PAGES = "355--386",
 YEAR      = 2005,
 NOTE      = "quant-ph/0411140",
}
@ARTICLE{hanneke:optimalpaclower,
 AUTHOR    = "S. Hanneke",
 TITLE     = "The optimal sample complexity of {PAC} learning.",
 JOURNAL = "Journal of Machine Learning Research",
 VOLUME = 17,
 NUMBER = 38,
 PAGES = "1--15",
 YEAR      = 2016,
 NOTE      = "arXiv:1507.00473",
}
@book{kaye:introbook,
	author    = {P. Kaye and
	R. Laflamme and
	M. Mosca},
	title     = {An Introduction to Quantum Computing},
	publisher = {Oxford University Press},
	year      = {2006},
}

@ARTICLE{blumer:optimalpacupper,
 AUTHOR    = "A. Blumer and A. Ehrenfeucht and D. Haussler and M. K. Warmuth",
 TITLE     = "Learnability and the {V}apnik-{C}hervonenkis dimension",
 JOURNAL   = "Journal of the ACM",
 VOLUME    = 36,
 NUMBER    = 4,
 PAGES     = "929--965",
 YEAR      = 1989,
}

@ARTICLE{vapnik:vcdimension,
 AUTHOR    = "V. Vapnik and A. Chervonenkis",
 TITLE     = "On the uniform convergence of relative frequencies of events to their probabilities.",
 JOURNAL   = "Theory of Probability \& Its Applications",
 VOLUME    = 16,
 NUMBER    = 2,
 PAGES     = "264--280",
 YEAR      = 1971,
}
@ARTICLE{valiant:paclearning,
 AUTHOR    = "L. Valiant",
 TITLE     = "A theory of the learnable.",
 JOURNAL   = "Communications of the ACM",
 VOLUME    = 27,
 NUMBER    = 11,
 PAGES     = "1134–-1142",
 YEAR      = 1984,
}

@ARTICLE{haussler:agnosticlearning,
 AUTHOR    = "D. Haussler",
 TITLE     = "Decision theoretic generalizations of the {PAC} model for neural net and other learning applications",
 JOURNAL   = "Information and Computation",
 VOLUME    = 100,
 NUMBER    = 1,
 PAGES     = "78-150",
 YEAR      = 1992,
}
@ARTICLE{bshouty:quantumpac,
 AUTHOR    = "N. H. Bshouty and J. C. Jackson",
 TITLE     = "Learning {DNF} over the Uniform Distribution Using a Quantum Example Oracle",
 JOURNAL   = "SIAM Journal on Computing",
 VOLUME    = 28,
 NUMBER    = 3,
 PAGES     = "1136–-1153",
 YEAR      = 1999,
 NOTE      = "Earlier version in COLT'95",

}
@ARTICLE{barnum:pgmmeasurement,
 AUTHOR    = "H. Barnum and E. Knill",
 TITLE     = "Reversing quantum dynamics with near-optimal quantum and classical fidelity.",
 JOURNAL   = "Journal of Mathematical Physics",
 VOLUME    = 43,
 PAGES     = "2097--2106",
 YEAR      = 2002,
 NOTE      = "quant-ph/0004088",
}

@ARTICLE{vapnik:agnosticlowerbound,
 AUTHOR    = "V. Vapnik and A. Chervonenkis",
 TITLE     = "Theory of pattern recognition.",
 YEAR      = 1974,
 NOTE      = "In Russian",
}
@BOOK{wilde:fromclassicaltoshannon,         
 AUTHOR    = "M. Wilde",
 TITLE     = "From classical to quantum Shannon theory",
 YEAR      = 2011,
 NOTE      = "arXiv:1106.1445",
}

@ARTICLE{jain&zhang:newoneway,
 AUTHOR    = {R. Jain and S. Zhang},
 TITLE     = "New bounds on classical and quantum one-way communication complexity.",
  JOURNAL   = "Theoretical Computer Science",
 VOLUME    = 410,
 NUMBER   = 26,
 PAGES     = "2463--2477",
 YEAR      = 2009,
 NOTE      = "arXiv:0802.4101",
}

@ARTICLE{audibert:agnosticconstant1,
 AUTHOR    = {J. Audibert},
 TITLE     = "Fast learning rates in statistical inference through aggregation",
  JOURNAL   = "The Annals of Statistics ",
 VOLUME    = 37,
 NUMBER    = 4,
 PAGES     = "1591--1646",
 YEAR      = 2009,
 NOTE      = "arXiv:0909.1468v1"
}

@MISC{audibert:agnosticconstant2,
 AUTHOR    = {J. Audibert},
 TITLE     = "Fast learning rates in statistical inference through aggregation",
 YEAR 	   = 2008,	
 NOTE      = "Research Report 06-20, Certis—Ecole des Ponts. math/0703854 "
}

@article{bacon:hiddensubgroup,
  author    = {D. Bacon and A. Childs and Dam, W. {van}},
  title     = {Optimal measurements for the dihedral hidden subgroup problem},
  journal   = "Chicago Journal of Theoretical Computer Science",
  year      = {2006},
  NOTE      = "Earlier version in FOCS'05. quant-ph/0504083",
}

@article{eldar&forney:squarerootmeasurement,
  author    = {Y. C. Eldar and G. D. {Forney Jr}},
  title     = {On quantum detection and the square-root measurement.},
  journal   = {IEEE Transactions and Information Theory},
  VOLUME    = 47,
  NUMBER    = 3,
  PAGES     = "858--872",
  YEAR      = 2001,
  NOTE		= "quant-ph/0005132"
}

@inproceedings{simon:almostoptimalpac,
  author    = {H. U. Simon},
  title     = {An Almost Optimal {PAC} Algorithm},
  booktitle = {Proceedings of the 28th Conference on Learning Theory (COLT)},
  pages     = {1552--1563},
  year      = {2015},
}

@inproceedings{aimeur:mlinquantumworld,
  author    = {E. A{\"{\i}}meur and G. Brassard and S. Gambs},
  title     = {Machine Learning in a Quantum World},
  booktitle = {Proceedings of Advances in Artificial Intelligence, 19th Conference of the Canadian Society for Computational Studies of Intelligence},
 SERIES    = lnai,
 VOLUME    = 4013,	       
  pages     = {431--442},
  year      = {2006},
}

@article{aimeur:qspeedup,
  author    = {E. A{\"{\i}}meur and G. Brassard and S. Gambs},
  title     = {Quantum speed-up for unsupervised learning},
  journal   = {Machine Learning},
  VOLUME    = 90,
  number    = 2,
  pages     = {261--287},
  year      = {2013},
}

@inproceedings{kothari:oracleidentification,
  author    = {R. Kothari},
  title     = {An optimal quantum algorithm for the oracle identification problem},
  booktitle = {31st International Symposium on Theoretical Aspects of Computer Science (STACS 2014)},
  pages     = {482--493},
  year      = {2014},
  NOTE      = "arXiv:1311.7685",
}

@article{servedio&gortler:equivalencequantumclassical,
  author    = {R. Servedio and S. Gortler},
  title     = {Equivalences and Separations Between Quantum and Classical Learnability},
  journal   = "SIAM Journal on Computing",
  volume    = {33},
  number    = {5},
  pages     = {1067--1092},
  year      = {2004},
  note      = {Combines earlier papers from ICALP'01 and CCC'01. quant-ph/0007036},
}

@ARTICLE{zhang:improvedvcbound,
 AUTHOR    = "C. Zhang",
 TITLE     = "An improved lower bound on query complexity for quantum {PAC} learning",
 JOURNAL   = "Information Processing Letters",
 VOLUME    = 111,
 NUMBER    = 1,
 PAGES     = "40--45",
 YEAR      = 2010,
}

@ARTICLE{aaronson:fineprint,
 AUTHOR    = "S. Aaronson",
 TITLE     = "Quantum Machine Learning Algorithms:  Read the Fine Print",
 JOURNAL   = "Nature Physics",
 VOLUME    = 11,
 NUMBER    = 4,
 PAGES     = "291--293",
 YEAR      = "2015",
}

@ARTICLE{apolloni&gentile:act,                 
 AUTHOR    = "B. Apolloni and C. Gentile",
 TITLE     = "Sample size lower bounds in {PAC} learning by Algorithmic Complexity Theory ",
 JOURNAL   = "Theoretical Computer Science",   
 VOLUME    = 209,
 PAGES     = "141--162",
 YEAR      = 1998,
}

@ARTICLE{gentile&helmbold:it,         
 AUTHOR    = "C. Gentile and D. P. Helmbold",
 TITLE     = "Improved Lower Bounds for Learning from Noisy Examples: An Information-Theoretic Approach",
 JOURNAL   = "Information and Computation",
 VOLUME    = 166,
 PAGES     = "133--155",
 YEAR      = 2001,
}

@Article{ambainis&montanaro:wildcard&CGT,
  author    = "A. Ambainis and A. Montanaro",
  title     = "Quantum algorithms for search with wildcards and combinatorial group testing",
  journal   = {Quantum Information {\&} Computation},
  volume    = {14},
  number    = {5-6},
  pages     = {439--453},
  year      = {2014},
  NOTE      = "arXiv:1210.1148",
}
@article{hunziker:quantumexactlearning,
  author    = "M. Hunziker and D. A. Meyer and J. Park and J. Pommersheim and M. Rothstein",
  title     = "The geometry of quantum learning",
  journal   = "Quantum Information Processing",
  volume    = {9},
  number    = {3},
  pages     = {321--341},
  year      = {2010},
  NOTE		= "quant-ph/0309059"
}
@article{montanaro:distinguishability,
  author    = "A. Montanaro",
  title     = "On the distinguishability of random quantum states.",
  journal   = {Communications in Mathematical Physics},
  volume    = {273},
  number    = {3},
  pages     = {619--636},
  year      = {2007},
 NOTE      = "quant-ph/0607011",
}

@article{kearns:agnosticlearning,
  author    = {M. J. Kearns and R. E. Schapire and L. Sellie},
  title     = {Toward Efficient Agnostic Learning},
  journal   = {Machine Learning},
  volume    = {17},
  number    = {2-3},
  pages     = {115--141},
  year      = {1994},
  note		= {Earlier version in COLT'92.}
}
@article{talagrand:agnosticupperbound,
  author    = "M. Talagrand",
  title     = "Sharper bounds for {G}aussian and empirical processes.",
  journal   = {The Annals of Probability},
  pages     = {28--76},
  year      = {1994},
}

@article{angluin:randomclassificationnoise,
  author    = "D. Angluin and P. Laird",
  title     = "Learning from noisy examples.",
  journal   = {Machine Learning },
  volume    = {2},
  number    = {4},
  pages     = {343--370},
  year      = {1988},
}

@article{eldar:optimalquantumdetectors,
  author    = {Y. C. Eldar and A. Megretski and G. C. Verghese},
  title     = {Designing optimal quantum detectors via semidefinite programming},
  journal   = {{IEEE} Transactions Information Theory},
  volume    = {49},
  number    = {4},
  pages     = {1007--1012},
  year      = {2003},
  NOTE		= "quant-ph/0205178"	
}

@article{simon:agnosticlowerbound,
  author    = {H. U. Simon},
  title     = {General Bounds on the Number of Examples Needed for Learning Probabilistic Concepts},
  journal   = "Journal of Computer and System Sciences",
  volume    = {52},
  number    = {2},
  pages     = {239--254},
  year      = {1996},
  note	= {Earlier version in COLT'93.}
}
@article{montanaro:learningpolynomials,
  author    = {A. Montanaro},
  title     = {The quantum query complexity of learning multilinear polynomials},
  journal   = "Information Processing Letters",
  volume    = {112},
  number    = {11},
  pages     = {438--442},
  year      = {2012},
  NOTE      = "arXiv:1105.3310",
}

@BOOK{shwartz&david:learningbook,
 AUTHOR    = "S. {Shalev-Shwartz} and S. {Ben-David}",
 TITLE     = "Understanding machine learning: From theory to algorithms",
 PUBLISHER = {Cambridge University Press},
 YEAR      = {2014},
}

@BOOK{anthony&bartlett:learningbook,
 AUTHOR    = "M. Anthony and P. L. Bartlett",
 TITLE     = "Neural network learning: Theoretical foundations",
 PUBLISHER = {Cambridge University Press},
 YEAR      = {2009},
}

@BOOK{kearnss&vazirani:learningbook,
 AUTHOR    = "M. J. Kearns and U. V. Vazirani",
 TITLE     = {An introduction to computational learning theory},
 PUBLISHER = {MIT Press},
 YEAR      = {1994},
}

@inproceedings{jackson:quantumdnf,
  author    = {J. C. Jackson and C. Tamon and T. Yamakami},
  title     = {Quantum {DNF} Learnability Revisited},
  booktitle = {Proceedings of 8th COCOON},
  pages     = {595--604},
  year      = {2002},
  NOTE 		= "quant-ph/0202066"
}
@article{wiebe:quantumdeeplearning,
AUTHOR    = "N. Wiebe and A. Kapoor and K. M. Svore",
	title     = {Quantum deep learning},
	journal   = {Quantum Information {\&} Computation},
	volume    = {16},
	number    = {7{\&}8},
	pages     = {541--587},
	year      = {2016},
 NOTE      = "arXiv:1412.3489",
}

@inproceedings{wiebe:quantumperceptronmodels,
 AUTHOR    = "N. Wiebe and A. Kapoor and K. M. Svore",
	title     = {Quantum Perceptron Models},
	booktitle = {Advances in Neural Information Processing Systems 29: Annual Conference
	on Neural Information Processing Systems},
	pages     = {3999--4007},
	year      = {2016},
    NOTE      = "arXiv:1602.04799",
}

@inproceedings{verbeurgt:learningdnf,
  author    = {K. A. Verbeurgt},
  title     = {Learning {DNF} under the uniform distribution in quasi-polynomial
               time},
  booktitle = {Proceedings of the 3rd Annual Workshop on Computational Learning
               Theory (COLT'90)},
  pages     = {314--326},
  year      = {1990},
}
@article{kearns&valiant:blum,
  author    = {M. J. Kearns and L. G. Valiant},
  title     = {Cryptographic Limitations on Learning {B}oolean Formulae and Finite
               Automata},
  journal   = "Journal of the ACM",
  volume    = {41},
  number    = {1},
  pages     = {67--95},
  year      = {1994},
}
@article{gavinsky:predictivelearning,
  author    = {D. Gavinsky},
  title     = {Quantum predictive learning and communication complexity with single
               input},
  journal   = "Quantum Information and Computation",
  volume    = {12},
  number    = {7-8},
  pages     = {575--588},
  year      = {2012},
  note      = {Earlier version in COLT'10. arXiv:0812.3429},
}

@inproceedings{daniely&shalevshwartz:limitdnf,
  author    = {A. Daniely and S. {Shalev-Shwartz}},
  title     = {Complexity Theoretic Limitations on Learning {DNF}'s},
    booktitle = {Proceedings of the 29th Conference on Learning Theory (COLT'16)},
  year      = {2016},
}
@MISC{aryeh:exactconstantagnostic,
  author    = {A. Kontorovich and I. Pinelis},
  title     = {Exact Lower Bounds for the Agnostic Probably-Approximately-Correct
               {(PAC)} Machine Learning Model},
  year      = 2016,      
  note       = "Preprint at arxiv:1606.08920",
}

@INPROCEEDINGS{kerenidis&prakash:quantumrecommendation,
  author    = {I. Kerenidis and  A. Prakash},
  title     = {Quantum Recommendation Systems},
  booktitle = {Innovations in Theoretical Computer Science (ITCS'17)},
  year      = {2017},
  note       = {arXiv:1603.08675},
}
@ARTICLE{aaronson:qlearnability,
 AUTHOR    = "S. Aaronson",
 TITLE     = "The Learnability of Quantum States",
 JOURNAL   = "Proceedings of the Royal Society of London",
 VOLUME    = "463",
 NUMBER    = 2088,
 YEAR      = 2007,
 NOTE      = "quant-ph/0608142",
}
@ARTICLE{jackson:dnf,
 AUTHOR    = "J. C. Jackson",
 TITLE     = "An Efficient Membership-Query Algorithm for Learning {DNF} with Respect to the Uniform Distribution",
 JOURNAL   = "Journal of Computer and System Sciences",
 VOLUME    = 55,
 NUMBER    = 3,
 PAGES     = "414--440",
 YEAR      = 1997,
 NOTE      = "Earlier version in FOCS'94",
}
@ARTICLE{bernstein&vazirani:qcomplexity,
 AUTHOR    = "E. Bernstein and U. Vazirani",
 TITLE     = "Quantum Complexity Theory",
 JOURNAL   = "SIAM Journal on Computing",
 VOLUME    = 26,
 NUMBER    = 5,
 PAGES     = "1411--1473",
 YEAR      = 1997,
 NOTE      = "Earlier version in STOC'93",
}
@ARTICLE{atici&servedio:testing,
 AUTHOR    = "A. {At\i c\i} and R. Servedio",
 TITLE     = "Quantum Algorithms for Learning and Testing Juntas",
 JOURNAL = "Quantum Information Processing",
 VOLUME = 6,
 NUMBER = 5,
 PAGES = "323--348",
 YEAR      = 2009,
 NOTE      = "arXiv:0707.3479",
}
@INPROCEEDINGS{grover:search,
 AUTHOR    = "L. K. Grover",
 TITLE     = "A Fast Quantum Mechanical Algorithm for Database Search",
 BOOKTITLE = "Proceedings of 28th ACM STOC",
 PAGES     = "212--219",
 YEAR      = 1996,
 NOTE      = "quant-ph/9605043",
}
@ARTICLE{hhl:lineq,                    
 AUTHOR    = "A. Harrow and A. Hassidim and S. Lloyd",
 TITLE     = "Quantum algorithm for solving linear systems of equations",
 JOURNAL   = "Physical Review Letters",
 VOLUME    = 103,
 NUMBER    = 15,
 PAGES     = 150502,      
 YEAR      = 2009,
 NOTE      = "arXiv:0811.3171",
}
@BOOK{odonnell:analysis,
 AUTHOR    = "R. {O'Donnell}",
 TITLE     = "Analysis of Boolean Functions",
 PUBLISHER = "Cambridge University Press",
 YEAR      = 2014,
}
@ARTICLE{bcww:fp,
 AUTHOR    = "H. Buhrman and R. Cleve and J. Watrous and Wolf, R. {de}",
 TITLE     = "Quantum Fingerprinting",
 JOURNAL   = "Physical Review Letters",
 VOLUME    = 87,
 NUMBER    = 16,
 YEAR      = "2001",
 NOTE      = "quant-ph/0102001",
}
@article{ehrenfeucht:lowerboundforlearning,
  author    = {A. Ehrenfeucht and D. Haussler and M. J. Kearns and L. G. Valiant},
  title     = {A General Lower Bound on the Number of Examples Needed for Learning},
  journal   = {Information and Computation},
  volume    = {82},
  number    = {3},
  pages     = {247--261},
  year      = {1989},
 NOTE      = "Earlier version in COLT'98",
}

@article{hausladen:squareroot,
  title = {Classical information capacity of a quantum channel},
  author = {P. Hausladen and R. Jozsa and B. Schumacher and M. Westmoreland and W. K. Wootters},
  journal = {Physical Review A},
  volume = {54},
  issue = {3},
  pages = {1869--1876},
   year = {1996},
}
@article{hausladen:pgmintroduction,
  title = {A ‘Pretty Good’ Measurement for Distinguishing Quantum States},
  author = {P. Hausladen and W. K. Wootters},
  journal = {Journal Of Modern Optics},
  volume = {41},
  issue = {12},
  pages = {2385--2390},
  year = {1994},
}

 @article{arunachalam:quantumlearningsurvey,
 	author    = {S. Arunachalam and R. de Wolf},
 	title     = {Guest Column: {A} Survey of Quantum Learning Theory},
 	journal   = {{SIGACT} News},
 	volume    = {48},
 	number    = {2},
 	pages     = {41--67},
 	year      = {2017},
  note       = {arxiv:1606.08920}
 }
