@incollection{Bousquet04,
  title={Introduction to statistical learning theory},
  author={Bousquet, Olivier and Boucheron, St{\'e}phane and Lugosi, G{\'a}bor},
  booktitle={Advanced Lectures on Machine Learning},
  pages={169--207},
  year={2004},
  publisher={Springer}
}

@book{Vapnik00,
  title={The nature of statistical learning theory},
  author={Vapnik, Vladimir},
  year={2000},
  publisher={Springer Science \& Business Media}
}

@article{Gross11,
  title={Recovering low-rank matrices from few coefficients in any basis},
  author={Gross, David},
  journal={Information Theory, IEEE Transactions on},
  volume={57},
  number={3},
  pages={1548--1566},
  year={2011},
  publisher={IEEE}
}

@article{Candes11,
  title={A probabilistic and RIPless theory of compressed sensing},
  author={Candes, Emmanuel J and Plan, Yaniv},
  journal={Information Theory, IEEE Transactions on},
  volume={57},
  number={11},
  pages={7235--7254},
  year={2011},
  publisher={IEEE}
}

@article{Bartlett03,
  title={Rademacher and Gaussian complexities: Risk bounds and structural results},
  author={Bartlett, Peter L and Mendelson, Shahar},
  journal={The Journal of Machine Learning Research},
  volume={3},
  pages={463--482},
  year={2003},
  publisher={JMLR. org}
}

@inproceedings{Kakade08,
  title={On the complexity of linear prediction: Risk bounds, margin bounds, and regularization},
  author={Kakade, Sham M and Sridharan, Karthik and Tewari, Ambuj},
  booktitle={Advances in neural information processing systems},
  pages={793--800},
  year={2008}
}

@book{Kearns94,
  title={An introduction to computational learning theory},
  author={Kearns, Michael J and Vazirani, Umesh Virkumar},
  year={1994},
  publisher={MIT press}
}

@article{Freund1997,
 author = {Freund, Yoav and Schapire, Robert E.},
 title = {A Decision-theoretic Generalization of On-line Learning and an Application to Boosting},
 journal = {J. Comput. Syst. Sci.},
 volume = {55},
 number = {1},
 year = {1997},
 pages = {119--139},
}
@inproceedings{OsadchyKF12,
  author    = {Osadchy, M. and  Keren, D. and Fadida-Specktor, B.},
  title     = {Hybrid Classifiers for Object Classification with a Rich Background},
  booktitle = {ECCV (5)},
  year      = {2012},
  pages     = {284-297}
}
@article{Steinwart03,
  author    = {Ingo Steinwart},
  title     = {Sparseness of Support Vector Machines},
  journal   = {Journal of Machine Learning Research},
  volume    = {4},
  year      = {2003},
  pages     = {1071-1105}
}

@article{Viola,
 author = {Viola, Paul and Jones, Michael J.},
 title = {Robust Real-Time Face Detection},
 journal = {Int. J. Comput. Vision},
 volume = {57},
 number = {2},
 year = {2004},
 pages = {137--154}
 }
 @inproceedings{SchapireFBL97,
  author    = {Robert E. Schapire and
               Yoav Freund and
               Peter Barlett and
               Wee Sun Lee},
  title     = {Boosting the margin: A new explanation for the effectiveness
               of voting methods},
  booktitle = {ICML},
  year      = {1997},
  pages     = {322-330}
}
@article{Lanckriet2003,
 author = {Lanckriet, Gert R.G. and Ghaoui, Laurent El and Bhattacharyya, Chiranjib and Jordan, Michael I.},
 title = {A Robust Minimax Approach to Classification},
 journal = {J. Mach. Learn. Res.},
 volume = {3},
 year = {2003},
 pages = {555--582},
 }

@article{SUN,
author = {J. Xiao and J. Hays and K. A. Ehinger and A. Oliva and A. Torralba},
title = {SUN database: Large-scale scene recognition from abbey to zoo},
journal ={CVPR},
year = {2010},
pages = {3485-3492}
}

@inproceedings{RUSboost,
  author    = {Chris Seiffert and
               Taghi M. Khoshgoftaar and
               Jason Van Hulse and
               Amri Napolitano},
  title     = {RUSBoost: Improving classification performance when training data is skewed},
  booktitle = {ICPR},
  year      = {2008},
  pages     = {1-4}
}
@article{marshall1960,
author = "Marshall, Albert W. and Olkin, Ingram",
journal = "Ann. Math. Statist.",
number = "4",
pages = "1001--1014",
title = "Multivariate Chebyshev Inequalities",
volume = "31",
year = "1960"
}
@article{UCIrep,
 author = {Murphy, P. and Aha, D.},
 title={UCI Repository of machine learning databases},
 journal = {Tech. rep., U. California, Dept. of Information and Computer Science},
 address = {CA, US},
 year={1994}
 }
 @incollection{Klivans04,
  title={Learning intersections of halfspaces with a margin},
  author={Klivans, Adam R and Servedio, Rocco A},
  booktitle={Learning Theory},
  pages={348--362},
  year={2004},
  publisher={Springer}
}


@inproceedings{Arriaga99,
  title={An algorithmic theory of learning: Robust concepts and random projection},
  author={Arriaga, Rosa I and Vempala, Santosh},
  booktitle={Foundations of Computer Science, 1999. 40th Annual Symposium on},
  pages={616--623},
  year={1999},
  organization={IEEE}
}

@inproceedings{Cortes13,
  title={Multi-class classification with maximum margin multiple kernel},
  author={Cortes, Corinna and Mohri, Mehryar and Rostamizadeh, Afshin},
  booktitle={Proceedings of the 30th International Conference on Machine Learning (ICML-13)},
  pages={46--54},
  year={2013}
}



@article{Zhang02,
  title={Covering number bounds of certain regularized linear function classes},
  author={Zhang, Tong},
  journal={The Journal of Machine Learning Research},
  volume={2},
  pages={527--550},
  year={2002},
  publisher={JMLR. org}
}



@inproceedings{Honorio14,
  title={$\{$Tight Bounds for the Expected Risk of Linear Classifiers and PAC-Bayes Finite-Sample Guarantees$\}$},
  author={Honorio, Jean and Jaakkola, Tommi},
  booktitle={Proceedings of the Seventeenth International Conference on Artificial Intelligence and Statistics},
  pages={384--392},
  year={2014}
}

@article{Klivans09,
author = "Adam R. Klivans and Alexander A. Sherstov",
title = "Cryptographic hardness for learning intersections of halfspaces ",
journal = "Journal of Computer and System Sciences ",
volume = "75",
number = "1",
pages = "2 - 12",
year = "2009"
}




@inproceedings{DanielyLS14,
  author    = {Amit Daniely and
               Nati Linial and
               Shai Shalev{-}Shwartz},
  title     = {From average case complexity to improper learning complexity},
  booktitle = {Symposium on Theory of Computing, {STOC} 2014, New York, NY, USA,
               May 31 - June 03, 2014},
  pages     = {441--448},
  year      = {2014}
}
@misc{lecun1998mnist,
  title={The MNIST database of handwritten digits},
  author={LeCun, Yann and Cortes, Corinna and Burges, Christopher JC},
  year={1998}
}
@inproceedings{HOG,
 author = {Dalal, Navneet and Triggs, Bill},
 title = {Histograms of Oriented Gradients for Human Detection},
 booktitle = {CVPR},
 year = {2005},
 pages = {886--893}
}
@Article{Everingham10,
    author = "Everingham, M. and Van~Gool, L. and Williams, C. K. I. and Winn, J. and Zisserman, A.",
    title = "The Pascal Visual Object Classes (VOC) Challenge",
    journal = "International Journal of Computer Vision",
    volume = "88",
    year = "2010",
    number = "2",
    pages = "303--338"
 }

@inproceedings{akbani2004applying,
  title={Applying support vector machines to imbalanced datasets},
  author={Akbani, Rehan and Kwek, Stephen and Japkowicz, Nathalie},
  booktitle={European conference on machine learning},
  pages={39--50},
  year={2004},
  organization={Springer}
}

@article{steinwart2003sparseness,
  title={Sparseness of support vector machines},
  author={Steinwart, Ingo},
  journal={Journal of Machine Learning Research},
  volume={4},
  number={Nov},
  pages={1071--1105},
  year={2003}
}

@article{kotsiantis2006handling,
  title={Handling imbalanced datasets: A review},
  author={Kotsiantis, Sotiris and Kanellopoulos, Dimitris and Pintelas, Panayiotis and others},
  journal={GESTS International Transactions on Computer Science and Engineering},
  volume={30},
  number={1},
  pages={25--36},
  year={2006}
}

@inproceedings{taigman2014deepface,
  title={Deepface: Closing the gap to human-level performance in face verification},
  author={Taigman, Yaniv and Yang, Ming and Ranzato, Marc'Aurelio and Wolf, Lior},
  booktitle={Proceedings of the IEEE Conference on Computer Vision and Pattern Recognition},
  pages={1701--1708},
  year={2014}
}
@inproceedings{krizhevsky2012imagenet,
  added-at = {2015-11-20T13:12:04.000+0100},
  author = {Krizhevsky, Alex and Sutskever, Ilya and Hinton, Geoffrey E},
  biburl = {http://www.bibsonomy.org/bibtex/2784f6d0ddce5f78d5d2105a1781cecc2/scheuerpflug},
  booktitle = {Advances in neural information processing systems},
  interhash = {74bbb5dea5afb1b088bd10e317f1f0d2},
  intrahash = {784f6d0ddce5f78d5d2105a1781cecc2},
  keywords = {classification image imagenet thema:deepwalk},
  pages = {1097--1105},
  timestamp = {2015-11-20T13:12:04.000+0100},
  title = {Imagenet classification with deep convolutional neural networks},
  year = 2012
}
@article{caffe,
  Author = {Jia, Yangqing and Shelhamer, Evan and Donahue, Jeff and Karayev, Sergey and Long, Jonathan and Girshick, Ross and Guadarrama, Sergio and Darrell, Trevor},
  Journal = {arXiv preprint arXiv:1408.5093},
  Title = {Caffe: Convolutional Architecture for Fast Feature Embedding},
  Year = {2014}
}

@article{lecun1998gradient,
  title={Gradient-based learning applied to document recognition},
  author={LeCun, Yann and Bottou, L{\'e}on and Bengio, Yoshua and Haffner, Patrick},
  journal={Proceedings of the IEEE},
  volume={86},
  number={11},
  pages={2278--2324},
  year={1998},
  publisher={IEEE}
}

@inproceedings{gehring2013extracting,
  title={Extracting deep bottleneck features using stacked auto-encoders},
  author={Gehring, Jonas and Miao, Yajie and Metze, Florian and Waibel, Alex},
  booktitle={2013 IEEE International Conference on Acoustics, Speech and Signal Processing},
  pages={3377--3381},
  year={2013},
  organization={IEEE}
}
@mastersthesis{cifar10,
    author = {Krizhevsky, Alex},
    title = {{Learning Multiple Layers of Features from Tiny Images}},
    url = {http://www.cs.toronto.edu/\~{}kriz/learning-features-2009-TR.pdf},
    year = {2009}
}
@book{LDA,
  author = {Hastie, Trevor and Tibshirani, Robert and Friedman, Jerome},
  publisher = {Springer New York Inc.},
  title = {The Elements of Statistical Learning},
  year = 2001
}
@inproceedings{Deva,
  author    = {Bharath Hariharan and
               Jitendra Malik and
               Deva Ramanan},
  title     = {Discriminative Decorrelation for Clustering and Classification},
  booktitle = {Computer Vision - {ECCV} 2012 - 12th European Conference on Computer
               Vision, Florence, Italy, October 7-13, 2012, Proceedings, Part {IV}},
  pages     = {459--472},
  year      = {2012}
}
@inproceedings{vedaldi15matconvnet,
  author    = {Andrea Vedaldi and
               Karel Lenc},
  title     = {{MatConvNet: Convolutional Neural Networks for {MATLAB}}},
  booktitle = {Proc. of the 23rd Annual {ACM} Conference on Multimedia Conference, Brisbane},
  pages     = {689--692},
  year      = {2015},
  doi       = {10.1145/2733373.2807412},
  timestamp = {Wed, 14 Oct 2015 12:23:57 +0200},
  biburl    = {http://dblp.uni-trier.de/rec/bib/conf/mm/VedaldiL15},
  bibsource = {dblp computer science bibliography, http://dblp.org}
}
@inproceedings{SantoroBBWL16,
  author    = {Adam Santoro and
               Sergey Bartunov and
               Matthew Botvinick and
               Daan Wierstra and
               Timothy P. Lillicrap},
  title     = {Meta-Learning with Memory-Augmented Neural Networks},
  booktitle = {Proceedings of the 33nd International Conference on Machine Learning,
               {ICML} 2016, New York City, NY, USA, June 19-24, 2016},
  pages     = {1842--1850},
  year      = {2016}
}
@inproceedings{Koch2015,
  author    = {G Koch and R Zemel and R Salakhutdinov},
  title     = {Siamese neural networks for one-shot image recognition},
  booktitle = {In ICML Deep Learning workshop},
  year      = {2015}
}

@inproceedings{ROSS,
  Title= {Rich Feature Hierarchies for Accurate Object Detection and Semantic Segmentation},
  Author = {Ross B. Girshick and Jeff Donahue and Trevor Darrell and Jitendra Malik},
  Booktitle = {2014 {IEEE} Conference on Computer Vision and Pattern Recognition,{CVPR} 2014, Columbus, OH, USA, June 23-28, 2014},
  Year  = {2014},
  Pages = {580--587}
}

@inproceedings{DonahueJVHZTD14,
  author    = {Jeff Donahue and
               Yangqing Jia and
               Oriol Vinyals and
               Judy Hoffman and
               Ning Zhang and
               Eric Tzeng and
               Trevor Darrell},
  title     = {DeCAF: {A} Deep Convolutional Activation Feature for Generic Visual
               Recognition},
  booktitle = {Proceedings of the 31th International Conference on Machine Learning,
               {ICML} 2014, Beijing, China, 21-26 June 2014},
  pages     = {647--655},
  year      = {2014}
}
@article{SimonyanZ14a,
  author    = {Karen Simonyan and
               Andrew Zisserman},
  title     = {Very Deep Convolutional Networks for Large-Scale Image Recognition},
  journal   = {CoRR},
  volume    = {abs/1409.1556},
  year      = {2014}
}
@inproceedings{SzegedyLJSRAEVR15,
  author    = {Christian Szegedy and
               Wei Liu and
               Yangqing Jia and
               Pierre Sermanet and
               Scott E. Reed and
               Dragomir Anguelov and
               Dumitru Erhan and
               Vincent Vanhoucke and
               Andrew Rabinovich},
  title     = {Going deeper with convolutions},
  booktitle = {{IEEE} Conference on Computer Vision and Pattern Recognition, {CVPR}
               2015, Boston, MA, USA, June 7-12, 2015},
  pages     = {1--9},
  year      = {2015}
}
@inproceedings{Yu:2009,
 author = {Yu, Chun-Nam John and Joachims, Thorsten},
 title = {Learning Structural SVMs with Latent Variables},
 booktitle = {Proceedings of the 26th Annual International Conference on Machine Learning},
 series = {ICML '09},
 year = {2009},
 isbn = {978-1-60558-516-1},
 location = {Montreal, Quebec, Canada},
 pages = {1169--1176},
 numpages = {8},
 url = {http://doi.acm.org/10.1145/1553374.1553523},
 doi = {10.1145/1553374.1553523},
 acmid = {1553523},
 publisher = {ACM},
 address = {New York, NY, USA},
}
@inproceedings{eSVM,
  author    = {Tomasz Malisiewicz and
               Abhinav Gupta and
               Alexei A. Efros},
  title     = {Ensemble of exemplar-SVMs for object detection and beyond},
  booktitle = {{IEEE} International Conference on Computer Vision, {ICCV} 2011, Barcelona,
               Spain, November 6-13, 2011},
  pages     = {89--96},
  year      = {2011}
}
@InProceedings{Littwin_2016_CVPR,
author = {Littwin, Etai and Wolf, Lior},
title = {The Multiverse Loss for Robust Transfer Learning},
booktitle = {The IEEE Conference on Computer Vision and Pattern Recognition (CVPR)},
month = {June},
year = {2016}
}
@inproceedings{imagenet_cvpr09,
AUTHOR = {Deng, J. and Dong, W. and Socher, R. and Li, L.-J. and Li, K. and Fei-Fei, L.},
TITLE = {{ImageNet: A Large-Scale Hierarchical Image Database}},
BOOKTITLE = {CVPR09},
YEAR = {2009}
}

@inproceedings{fromNtoN+1,
  author    = {Ilja Kuzborskij and
               Francesco Orabona and
               Barbara Caputo},
  title     = {From {N} to {N+1:} Multiclass Transfer Incremental Learning},
  booktitle = {2013 {IEEE} Conference on Computer Vision and Pattern Recognition,
               Portland, OR, USA, June 23-28, 2013},
  pages     = {3358--3365},
  year      = {2013}
}
@article{OsadchyKR16,
  author    = {Margarita Osadchy and
               Daniel Keren and
               Dolev Raviv},
  title     = {Recognition Using Hybrid Classifiers},
  journal   = {{IEEE} Trans. Pattern Anal. Mach. Intell.},
  volume    = {38},
  number    = {4},
  pages     = {759--771},
  year      = {2016}
}

@book{PST,
  title={Introduction to Matrix Analysis 2nd ed.},
  author={Bellman, R. E.},
  year={1970},
  publisher={New York: McGraw-Hilla},
  pages={p. 117}
}
@unpublished{Kontorovich18,
  title={Rademacher complexity of k-fold maxima of hyperplanes},
  url={https://www.cs.bgu.ac.il/~karyeh/rademacher-max-hyperplane.pdf},
  author={Kontorovich, Aryeh},
  year={2018}
}
@book{ledoux1991probability,
  title={Probability in Banach Spaces: Isoperimetry and Processes},
  author={Ledoux, M. and Talagrand, M.},
  isbn={9783540520139},
  lccn={lc91010765},
  series={A Series of Modern Surveys in Mathematics Series},
  year={1991},
  publisher={Springer}
}
