% Encoding: UTF-8

@ARTICLE{WainJord06, 
author={Wainwright, Martin J. and Jordan, Michael I.}, 
journal={IEEE Transactions on Signal Processing}, 
title={Log-determinant relaxation for approximate inference in discrete Markov random fields}, 
year={2006}, 
volume={54}, 
pages={2099--2109}
}

@Article{pokmiel:15,
author = {Pokarowski, Piotr and Mielniczuk, Jan},
    title = {Combined $l_1$ and Greedy $l_0$ Penalized Least Squares for Linear Model Selection},
    journal = 	 {Journal of Machine Learning Research},
  year = 	 {2015},
volume = 	 {16},
  pages = 	 {961--992}
}

@Book{geerbuhl11,
  Title                    = {Statistics for high-dimensional data: methods, theory and applications},
  Author                   = {B{\"u}hlmann, Peter and van de Geer, Sara},
  Publisher                = {Springer Series in Statistics, New York: Springer},
  Year                     = {2011}
}

@Article{banerjee08,
  Title                    = {Model selection through sparse maximum likelihood estimation for multivariate gaussian or binary data},
  Author                   = {Banerjee, Onureena and Ghaoui, Laurent El and d'Aspremont, Alexandre},
  Journal                  = {Journal of Machine Learning Research},
  Year                     = {2008},
  Pages                    = {485--516},
  Volume                   = {9}
}

@Article{FISTA,
  Title                    = {A fast iterative shrinkage-thresholding algorithm for linear inverse problems},
  Author                   = {Beck, Amir and Teboulle, Marc},
  Journal                  = {SIAM Journal on Imaging Sciences},
  Year                     = {2009},
  Pages                    = {183--202},
  Volume                   = {2},

  Publisher                = {SIAM}
}

@Article{Besag77,
  Title                    = {Efficiency of pseudolikelihood estimation for simple {G}aussian fields},
  Author                   = {Besag, Julian},
  Journal                  = {Biometrika},
  Year                     = {1977},
  Pages                    = {616--618},
  Volume                   = {64}
}

@Article{Besag74,
  Title                    = {Spacial interaction and the statistical analysis of lattice systems},
  Author                   = {Besag, Julian},
  Journal                  = {Journal of the Royal Statistical Society, Series B},
  Year                     = {1974},
  Pages                    = {192--236},
  Volume                   = {36}
}

@Article{Bickel09,
  Title                    = {Simultaneous analysis of {L}asso and {D}antzig selector},
  Author                   = {Bickel, Peter J and Ritov, Ya'acov and Tsybakov, Alexandre B},
  Journal                  = {The Annals of Statistics},
  Year                     = {2009},
  Pages                    = {1705--1732},
  Volume                   = {37}
}

@InCollection{bresler08,
  Title                    = {Reconstruction of {M}arkov random fields from samples: {S}ome observations and algorithms},
  Author                   = {Bresler, Guy and Mossel, Elchanan and Sly, Allan},
  Booktitle                = {Approximation, Randomization and Combinatorial Optimization. Algorithms and Techniques},
  Publisher                = {Springer},
  Year                     = {2008},
  Pages                    = {343--356}
}

@Article{ChengLevinaetal14,
  Title                    = {A sparse {I}sing model with covariates},
  Author                   = {Cheng, Jie and Levina, Elizaveta and Wang, Pei and Zhu, Ji},
  Journal                  = {Biometrics},
  Year                     = {2014},
  Number                   = {4},
  Pages                    = {943--953},
  Volume                   = {70},

  Publisher                = {Wiley Online Library}
}

@Article{FanLi2001,
  Title                    = {Variable selection via nonconcave penalized likelihood and its oracle properties},
  Author                   = {Fan, Jianqing and Li, Runze},
  Journal                  = {Journal of the American Statistical Association},
  Year                     = {2001},
  Pages                    = {1348--1360},
  Volume                   = {96},

  Publisher                = {Taylor \& Francis}
}

@Article{Geer2008,
  Title                    = {High-dimensional generalized linear models and the lasso},
  Author                   = {van de Geer, Sara},
  Journal                  = {The Annals of Statistics},
  Year                     = {2008},
  Pages                    = {614--645},
  Volume                   = {36},

  Publisher                = {JSTOR}
}

@Article{Geyer94,
  Title                    = {On the convergence of {M}onte {C}arlo maximum likelihood calculations},
  Author                   = {Geyer, Charles J},
  Journal                  = {Journal of the Royal Statistical Society. Series B (Methodological)},
  Year                     = {1994},
  Pages                    = {261--274},
  Volume                   = {56}
}

@Article{GeyerThompson92,
  Title                    = {Constrained {M}onte {C}arlo maximum likelihood for dependent data},
  Author                   = {Geyer, Charles J and Thompson, Elizabeth A},
  Journal                  = {Journal of the Royal Statistical Society. Series B (Methodological)},
  Year                     = {1992},
  Pages                    = {657--699},
  Volume                   = {54}
}

@Article{Guoetal10,
  Title                    = {Joint structure estimation for categorical {M}arkov networks},
  Author                   = {Guo, Jian and Levina, Elizaveta and Michailidis, George and Zhu, Ji},
  Journal                  = {Technical report },
  Year                     = {2010}
}

@Article{HofTib09,
  Title                    = {Estimation of sparse binary pairwise {M}arkov networks using pseudolikelihoods},
  Author                   = {H{\"o}fling, Holger and Tibshirani, Robert},
  Journal                  = {Journal of Machine Learning Research},
  Year                     = {2009},
  Pages                    = {883--906},
  Volume                   = {10}
}

@Article{hastings70,
  Title                    = {Monte {C}arlo sampling methods using {M}arkov chains and their applications},
  Author                   = {Hastings, W Keith},
  Journal                  = {Biometrika},
  Year                     = {1970},
  Number                   = {1},
  Pages                    = {97--109},
  Volume                   = {57},

  Publisher                = {Biometrika Trust}
}

@Article{Cox13,
  Title                    = {Oracle inequalities for the lasso in the {C}ox model},
  Author                   = {Huang, Jian and Sun, Tingni and Ying, Zhiliang and Yu, Yi and Zhang, Cun-Hui},
  Journal                  = {Annals of Statistics},
  Year                     = {2013},
  Number                   = {3},
  Pages                    = {1142--1165},
  Volume                   = {41},

  Publisher                = {NIH Public Access}
}

@Article{HuangGLM12,
  Title                    = {Estimation and selection via absolute penalized convex minimization and its multistage adaptive applications},
  Author                   = {Huang, Jian and Zhang, Cun-Hui},
  Journal                  = {Journal of Machine Learning Research},
  Year                     = {2012},
  Pages                    = {1839--1864},
  Volume                   = {13}
}

@Article{HufferWu98,
  Title                    = {Markov chain Monte Carlo for autologistic regression models with application to the distribution of plant species},
  Author                   = {Huffer, Fred W and Wu, Hulin},
  Journal                  = {Biometrics},
  Year                     = {1998},
  Pages                    = {509--524},

  Publisher                = {JSTOR}
}

@Article{Ising25,
  Title                    = {Beitrag zur theorie des ferromagnetismus},
  Author                   = {Ising, Ernst},
  Journal                  = {Zeitschrift f{\"u}r {P}hysik {A} {H}adrons and {N}uclei},
  Year                     = {1925},
  Number                   = {1},
  Pages                    = {253--258},
  Volume                   = {31},

  Publisher                = {Springer}
}

@InProceedings{Jalali11,
  Title                    = {On learning discrete graphical models using greedy methods},
  Author                   = {Jalali, Ali and Johnson, Christopher C and Ravikumar, Pradeep K},
  Booktitle                = {Advances in Neural Information Processing Systems},
  Year                     = {2011},
  Pages                    = {1935--1943}
}

@Article{kontoyiannis2009geometric,
  Title                    = {Geometric ergodicity and the spectral gap of non-reversible Markov chains},
  Author                   = {Kontoyiannis, Ioannis and Meyn, Sean P},
  Journal                  = {Probability Theory and Related Fields},
  Year                     = {2012},
  Pages                    = {327--339},
  Volume                   = {154},

  Date-added               = {2016-09-06 16:47:31 +0000},
  Date-modified            = {2016-09-06 16:47:31 +0000},
  Owner                    = {blazej},
  Publisher                = {Springer},
  Timestamp                = {2016.10.23}
}

@InProceedings{Lee06,
  Title                    = {Efficient {S}tructure {L}earning of {M}arkov {N}etworks using 
 $l_1$-{R}egularization},
  Author                   = {Lee, Su-In and Ganapathi, Varun and Koller, Daphne},
  Booktitle                = {Advances in Neural Information Processing Systems},
  Year                     = {2006},
  Pages                    = {817--824}
}

@Article{Metropol53,
  Title                    = {Equation of state calculations by fast computing machines},
  Author                   = {Metropolis, Nicholas and Rosenbluth, Arianna W and Rosenbluth, Marshall N and Teller, Augusta H and Teller, Edward},
  Journal                  = {The journal of chemical physics},
  Year                     = {1953},
  Number                   = {6},
  Pages                    = {1087--1092},
  Volume                   = {21},

  Publisher                = {AIP Publishing}
}

@Article{Miasojedow14,
  Title                    = {Hoeffding's inequalities for geometrically ergodic Markov chains on general state space},
  Author                   = {Miasojedow, B{\l}a{\.z}ej},
  Journal                  = {Statistics \& Probability Letters},
  Year                     = {2014},
  Pages                    = {115--120},
  Volume                   = {87},

  Publisher                = {Elsevier}
}

@Article{mossel2013exact,
  Title                    = {Exact thresholds for {I}sing--{G}ibbs samplers on general graphs},
  Author                   = {Mossel, Elchanan and Sly, Allan},
  Journal                  = {The Annals of Probability},
  Year                     = {2013},
  Pages                    = {294--328},
  Volume                   = {41},

  Publisher                = {Institute of Mathematical Statistics}
}

@InProceedings{negahban12,
  Title                    = {A unified framework for high-dimensional analysis of ${M}$-estimators with decomposable regularizers},
  Author                   = {Negahban, Sahand and Yu, Bin and Wainwright, Martin J and Ravikumar, Pradeep K},
  Booktitle                = {Advances in Neural Information Processing Systems},
  Year                     = {2009},
  Pages                    = {1348--1356}
}

@Article{Ravi10,
  Title                    = {High-dimensional {I}sing model selection using $l_1$-regularized logistic regression},
  Author                   = {Ravikumar, Pradeep and Wainwright, Martin J and Lafferty, John},
  Journal                  = {The Annals of Statistics},
  Year                     = {2010},
  Pages                    = {1287--1319},
  Volume                   = {38},

  Publisher                = {Institute of Mathematical Statistics}
}

@Article{roberts2004general,
  Title                    = {General state space {M}arkov chains and {MCMC} algorithms},
  Author                   = {Roberts, Gareth O and Rosenthal, Jeffrey S},
  Journal                  = {Probability Surveys},
  Year                     = {2004},
  Pages                    = {20--71},
  Volume                   = {1},

  Owner                    = {blazej},
  Timestamp                = {2016.10.10}
}

@Article{roberts1997geometric,
  Title                    = {{Geometric ergodicity and hybrid Markov chains}},
  Author                   = {Roberts, Gareth O and Rosenthal, Jeffrey S},
  Journal                  = {Electronic Communications in Probability},
  Year                     = {1997},
  Pages                    = {13--25},
  Volume                   = {2},

  Date-added               = {2016-09-06 16:47:31 +0000},
  Date-modified            = {2016-09-06 16:47:31 +0000},
  Owner                    = {blazej},
  Timestamp                = {2016.10.23}
}

@Article{Tibsch96,
  Title                    = {Regression shrinkage and selection via the lasso},
  Author                   = {Tibshirani, Robert},
  Journal                  = {Journal of the Royal Statistical Society. Series B (Methodological)},
  Year                     = {1996},
  Pages                    = {267--288},
  Volume                   = {58},

  Publisher                = {JSTOR}
}

@Article{WuHuffer1997,
  Title                    = {Modelling the distribution of plant species using the autologistic regression model},
  Author                   = {Wu, Hulin and Huffer, Fred W},
  Journal                  = {Environmental and Ecological Statistics},
  Year                     = {1997},
  Number                   = {1},
  Pages                    = {31--48},
  Volume                   = {4},

  Publisher                = {Springer}
}

@Article{Xueetal12,
  Title                    = {Nonconcave penalized composite conditional likelihood estimation of sparse {I}sing models},
  Author                   = {Xue, Lingzhou and Zou, Hui and Cai, Tianxi},
  Journal                  = {The Annals of Statistics},
  Year                     = {2012},
  Pages                    = {1403--1429},
  Volume                   = {40}
}

@Article{YeZhang10,
  Title                    = {Rate {M}inimaxity of the {L}asso and {D}antzig {S}elector for the $l_q$ Loss in $l_r$ {B}alls},
  Author                   = {Ye, Fei and Zhang, Cun-Hui},
  Journal                  = {Journal of Machine Learning Research},
  Year                     = {2010},
  Pages                    = {3519--3540},
  Volume                   = {11}
}

@Article{zhangt09,
  Title                    = {On the consistency of feature selection using greedy least squares regression},
  Author                   = {Zhang, Tong},
  Journal                  = {Journal of Machine Learning Research},
  Year                     = {2009},
  Pages                    = {555--568},
  Volume                   = {10}
}

@Article{zhaoYu06,
  Title                    = {On model selection consistency of {L}asso},
  Author                   = {Zhao, Peng and Yu, Bin},
  Journal                  = {Journal of Machine Learning Research},
  Year                     = {2006},
  Pages                    = {2541--2563},
  Volume                   = {7}
}

@InProceedings{zhou09,
  Title                    = {Thresholding procedures for high dimensional variable selection and statistical estimation},
  Author                   = {Zhou, Shuheng},
  Booktitle                = {Advances in Neural Information Processing Systems},
  Year                     = {2009},
  Pages                    = {2304--2312}
}

@Article{Borkulo2014,
  author    = {Claudia D. van Borkulo and Denny Borsboom and Sacha Epskamp and Tessa F. Blanken and Lynn Boschloo and Robert A. Schoevers and Lourens J. Waldorp},
  title     = {A new method for constructing networks from binary data},
  journal   = {Scientific Reports},
  year      = {2014},
  volume    = {4},
  publisher = {Springer Nature},
}

@Article{Viallon2013,
  author    = {Vivian Viallon and Onureena Banerjee and Eric Jougla and Gr{\'{e}}goire Rey and Joel Coste},
  title     = {Empirical comparison study of approximate methods for structure selection in binary graphical models},
  journal   = {Biometrical Journal},
  year      = {2013},
  volume    = {56},
  pages     = {307--331},
  publisher = {Wiley-Blackwell},
}

@Article{Turnbull2008,
  author    = {Douglas Turnbull and Luke Barrington and David Torres and Gert Lanckriet},
  title     = {Semantic Annotation and Retrieval of Music and Sound Effects},
  journal   = {{IEEE} Transactions on Audio, Speech, and Language Processing},
  year      = {2008},
  volume    = {16},
  pages     = {467--476},
  publisher = {Institute of Electrical and Electronics Engineers ({IEEE})},
}


@InProceedings{honorio2012,
  author    = {Jean Honorio},
  title     = {{Convergence Rates of Biased Stochastic Optimization for Learning Sparse Ising Models}},
  booktitle = {{Proceedings of the 29th International Conference on Machine Learning}},
  year      = {2012},
  pages     = {1099--1106},
 }

@Article{atchade2017Perturbed,
  author     = {Atchad\'e, Yves F. and Fort, Gersende and Moulines, Eric},
  title      = {On perturbed proximal gradient algorithms},
  journal    = {Journal of Machine Learning Research},
  year       = {2017},
  volume     = {18},
  pages      = {310--342},
}


