{@Article{adler,
  author =      {I. Adler and Y. Cao and R. Karp and E.A. Pekoz and S.M. Ross},
  title =       {Random Knockout Tournaments},
  journal =     {Operations Research},
  year = 	    {2017}}
  
{@Article{ailon1,
  author =      {N. Ailon},
  title =       {Aggregation of partial rankings, p-ratings and top-m lists},
  journal =     {Algorithmica},
  year = 	    {2010}}

@Article{ailon2,
  author = 	    {N. Ailon and M. Charikar and A. Newman},
  title = 	    {Aggregating inconsistent information: ranking and clustering},
  journal = 	{Journal of the ACM},
  year = 	    {2008}}
  
@Article{ailon3,
  author = 	    {N. Ailon},
  title = 	    {An active learning algorithm for ranking from pairwise preferences with almost optimal query complexity},
  journal = 	{Journal of Machine Learning Research},
  year = 	    {2012}}

@Article{allison,
  author = 	    {P.D. Allison and N.A. Christakis},
  title = 	    {Logit Models for Sets of Ranked Items},
  journal = 	{Sociological Methodology},
  year = 	    {1994}}
  
@Article{oliveira,
  author = 	    {I.F.D. Oliveira and S. Zehavi and O. Davidov},
  title = 	    {Stochastic Transitivity: Axioms and Models},
  journal = 	{Journal of Mathematical Psychology},
  year = 	    {2018}}

@Article{altman1,
  author = 	    {A. Altman and M. Tennenholtz},
  title = 	    {Axiomatic foundations for ranking systems},
  journal = 	{Journal of Artificial Intelligence Research},
  year = 	    {2008}}

@Article{altman2,
  author = 	    {A. Altman and M. Tennenholtz},
  title = 	    {An axiomatic approach to personalized ranking systems},
  journal = 	{Journal of the ACM},
  year = 	    {2010}}

@Article{altman3,
  author = 	    {A. Altman and M. Tennenholtz},
  title = 	    {Ranking Systems: The PageRank Axioms},
  journal = 	{Proceedings of the 6th ACM conference on Electronic commerce},
  year = 	    {2005}}

@Article{ayer,
  author = 	    {M. Ayer and  H.D. Brunk and G.M. Ewing and  W.T. Reid and E. Silverman},
  title = 	    {An empirical distribution function for sampling with incomplete information},
  journal = 	{The Annals of Mathematical Statistics},
  year = 	    {1955}}
  
@Article{baek,
  author = 	    {S.K. Baek and  I.G. Yi and  H.J. Park and B.J. Kim},
  title = 	    {Universal statistics of the knockout tournament},
  journal = 	{Nature, Scientific Reports},
  year = 	    {2013}}

@Book{baird,
  author = 	    {J.C. Baird and E. Noma},
  title = 	    {Fundamentals of Scaling in Psychophysics},
  publisher = 	{John Wiley \& Sons, Inc.},
  year = 	    {1978}}
  
@Book{balinski,
  author = 	    {M. Balinski and R. Laraki},
  title = 	    {Majority Judgment, Measuring, Ranking, and Electing},
  publisher = 	{The MIT Press},
  year = 	    {2010}}

@Article{barrow1,
  author = 	    {D. Barrow and  I. Drayer and  P. Elliott and  G. Gaut and B. Osting},
  title = 	    {Ranking rankings: an empirical comparison of the predictive power of sports ranking methods},
  journal = 	{Journal of Quantitative Analysis in Sports},
  year = 	    {2013}}
  
@Article{basset,
  author = 	    {G.W. Basset Jr.},
  title = 	    {Robust sports ratings based on least absolute errors},
  journal = 	{The American Statistician},
  year = 	    {1997}}
	
@Article{batchelder,
  author = 	    {W.H. Batchelder and  N.J. Bershal and R.S. Simpson},
  title = 	    {Dynamic paired-comparison scaling},
  journal = 	{Journal of Mathematical Psychology},
  year = 	    {1992}}	 

@Article{birnbaum,
  author = 	    {M.H. Birnbaum and U. Schmidt},
  title = 	    {Testing transitivity in choice under risk},
  journal = 	{Theory and Decision},
  year = 	    {2010},
  month =       {October}}	

@Article{block,
  author = 	    {H.D. Block and J. Marschak},
  title = 	    {Random orderings and stochastic theories of responses},
  journal = 	{Cowles Foundation Discussion Paper},
  year = 	    {1959}}
  
@Article{mutapcic,
  author = 	    {A. Mutapcic and S. Boyd},
  title = 	    {Cutting-set methods for robust convex optimization with pessimizing oracles},
  journal = 	{Optimization Methods \& Software},
  year = 	    {2009}}

@Article{bradley1,
  author = 	    {R.A. Bradley and M.E. Terry},
  title = 	    {Rank Analysis of Incomplete Block Designs: I. The Method of Paired Comparisons},
  journal = 	{Biometrika},
  year = 	    {1952}}

@Article{bradley2,
  author = 	    {R.A. Bradley},
  title = 	    {Incomplete block rank analysis: on the appropriateness of the model for a method of paired comparisons},
  journal = 	{Biometrics},
  year = 	    {1954}}

@Article{bricker,
  author = 	    {D.L. Bricker and  K.O. Kortanek},
  title = 	    {Maximum likelihood estimates with order restrictions on probabilities and odds ratios: a geometric programming approach},
  journal = 	{Journal of Applied Mathematics \& Decision Sciences},
  year = 	    {1997}}

@Article{brin,
  author = 	    {S. Brin and L. Page},
  title = 	    {The anatomy of a large-scale hypertextual Web search engine},
  journal = 	{Computer Networks and ISDN Systems},
  year = 	    {1998}}	

@Article{buhlmann,
  author = 	    {H. Buhlmann and P.J. Huber},
  title = 	    {Pairwise comparisons and ranking in tournaments},
  journal = 	{Annals of Mathematical Statistics},
  year = 	    {1963}}	
  
@Article{cavagnaro,
  author = 	    {D.R. Cavagnaro and C.P. Davis-Stober},
  title = 	    {Transitive in our preferences, but transitive in different ways: an analysis of choice variability},
  journal = 	{American Psychological Association},
  year = 	    {2014}}	
  
@Article{chatterjee,
  author = 	    {S. Chatterjee and S. Mukherjee},
  title = 	    {On estimation in tournaments and graphs under monotonicity constraints},
  journal = 	{arXiv:1603.04556 [math.ST]},
  year = 	    {2016}}	

@Article{chung1,
  author = 	    {F.R.K. Chung and F.K. Hwang},
  title = 	    {Do Stronger Players Win More Knockout Tournaments?},
  journal = 	{Journal of the American Statistical Association},
  year = 	    {1978}}	
  
@Article{chung2,
  author = 	    {F.R.K. Chung},
  title = 	    {Spectral Graph Theory},
  journal = 	{AMS and CBMS},
  year = 	    {1994}}	

@Article{claeskens,
  author = 	    {G. Claeskens and N.L. Hjort},
  title = 	    {Model Selection and Model Averaging},
  journal = 	{Cambridge Series in Statistical and Probabilistic Mathematics},
  year = 	    {2006}}	

@Article{coleman,
  author = 	    {B.J. Coleman},
  title = 	    {Minimizing game score violations in college football rankings},
  journal = 	{Management Faculty Publications},
  year = 	    {2005},
  url =         {http://digitalcommons.unf.edu/bmgt_facpub/1}}	

@Misc{colley,
  author = 	    {W.N. Colley},
  title = 	    {Colley's Bias Free College Football Ranking Method: The Colley Matrix Explained},
  journal = 	{Web Technical Report},
  year = 	    {2002},
  url =         {http://www.colleyrankings.com/matrate.pdf}}	

@Article{cremonesi,
  author = 	    {P. Cremonesi and  	Y. Koren  and 	R. Turrin},
  title = 	    {Performance of recommender algorithms on top-n recommendation tasks},
  journal = 	{Proceedings of the fourth ACM conference on recommender systems},
  year = 	    {2010}}	
  
@Article{csato,
  author = 	    {L. Csato},
  title = 	    {Additive and multiplicative properties of scoring methods for preference aggregation},
  journal = 	{Corvinus Economics Working Papers},
  year = 	    {2014}}	

@Book{david,
  author = 	    {H.A. David},
  title = 	    {The method of paired comparisons},
  publisher = 	{Hodder Arnold},
  year = 	    {1988}}	

@Article{davidson,
  author = 	    {R.R. Davidson},
  title = 	    {On extending the Bradley-Terry model to incorporate ties in paired comparison experiments},
  journal = 	{FSU Statistics Report},
  year = 	    {1969}}	

@Article{dawkins,
  author = 	    {R. Dawkins},
  title = 	    {A threshold model of choice behavior},
  journal = 	{Animal Behavior},
  year = 	    {1969}}	

@Article{decani,
  author = 	    {J.S. deCani},
  title = 	    {Maximum likelihood paired comparison ranking by linear programming},
  journal = 	{Biometrika},
  year = 	    {1969},
  pages =       {537}}	

@Article{diaz,
  author = 	    {J. Gonzalez-Diaz and  R. Hendrickx and E. Lohmann},
  title = 	    {Paired comparisons analysis: an axiomatic approach to ranking methods},
  journal = 	{Social Choice and Welfare},
  year = 	    {2014}}	

@Article{dykstra,
  author = 	    {R.L. Dykstra and C.J. Feltz},
  title = 	    {Nonparametric maximum likelihood estimation of survival functions with a general stochastic ordering and its dual},
  journal = 	{Biometrika},
  year = 	    {1989}}	

@Misc{edwards,
  author = 	    {R. Edwards},
  title = 	    {Edo historical rating system},
  journal = 	{Online historical database},
  year = 	    {2015},
  url =         {http://www.edochess.ca/}}	

@Book{elo,
  author = 	    {A.E. Elo},
  title = 	    {The rating of chess players, past and present},
  publisher = 	{Arco Publishing},
  address = 	{New York, USA},
  year =        {1978}}	

@Article{fan,
  author = 	    {J. Fan and J. Chen},
  title = 	    {One-Step Local Quasi-Likelihood Estimation},
  journal = 	{Journal of the Royal Statistical Society},
  year = 	    {1999}}
  
@Article{favardin,
  author = 	    {P. Favardin and  D. Lepelley and J. Serais},
  title = 	    {Borda rule, Copeland method and strategic manipulation},
  journal = 	{Rev.Econ.Design},
  year = 	    {2002}}

@Article{flueck,
  author = 	    {J.A. Flueck and J.F. Korsh},
  title = 	    {A generalized approach to maximum likelihood paired comparison ranking},
  journal = 	{The Annals of Statistics},
  year = 	    {1975}}	

@Misc{glickman,
  author = 	    {M.E. Glickman},
  title = 	    {Paired comparison models with time-varying parameters},
  journal = 	{Ph.D. Thesis, Harvard University},
  year = 	    {1993}}	

@Misc{govan1,
  author = 	    {A.Y. Govan},
  title = 	    {Ranking theory with application to popular sports},
  journal = 	{Ph.D. Thesis, North Carolina State University},
  year = 	    {2008}}

@Article{govan2,
  author = 	    {A.Y. Govan and  A.N. Langville and C.D. Meyer},
  title = 	    {Offense-defense approach to ranking team sports},
  journal = 	{Journal of Quantitative Analysis in Sports},
  year = 	    {2009}}
  
@Article{griswold,
  author = 	    {B.J. Griswold and R.D. Luce},
  title = 	    {Choices among uncertain outcomes: a test of a decomposition and two assumptions of transitivity},
  journal = 	{The American Journal of Psychology},
  year = 	    {1962}}

@Article{heckel,
  author = 	    {R. Heckel and  N.B. Shah and  K. Ramchandran and M.J. Wainwright },
  title = 	    {Active Ranking from Pairwise Comparisons and when Parametric Assumptions Don't Help},
  journal = 	{arxiv:1606.08842v2 [cs.LG]},
  year = 	    {2016}}
  
@Article{herbrich,
  author = 	    {R. Herbrich and  T. Minka and T. Graepel},
  title = 	    {TrueSkill TM: A Bayesian Skill Rating System},
  journal = 	{Advances in Neural Information Processing Systems, MIT Press},
  year = 	    {2007}}

@Article{holzman,
  author = 	    {R. Holzman and H. Moulin},
  title = 	    {Impartial nominations for a prize},
  journal = 	{Econometrica},
  year = 	    {2013}}

@Article{hougaard,
  author = 	    {J.L. Hougaard and T. Tjur and L.P. Osterdal},
  title = 	    {Testing preference axioms in discrete choice experiments: a reappraisal},
  journal = 	{Department of Economics, University of Copenhagen, Discussion Papers},
  year = 	    {2006}}
  
@Article{hwang,
  author = 	    {S.H. Hwang},
  title = 	    {Contest Success Functions: Theory and Evidence},
  journal = 	{Economics Department Working Paper Series. 11.},
  year = 	    {2009},
  url =         {http://scholarworks.umass.edu/econ_workingpaper/11}}
  
@Article{israel,
  author = 	    {R.B. Israel},
  title = 	    {Stronger Players Need Not Win More Knockout Tournaments},
  journal = 	{Journal of the American Statistical Association},
  year = 	    {1981}}
  
@Article{iverson,
  author = 	    {G. Iverson and J.C. Falmagne},
  title = 	    {Statistical issues in measurement},
  journal = 	{Mathematical Social Sciences},
  year = 	    {1985}}

@Article{huber,
  author = 	    {P.J. Huber},
  title = 	    {Pairwise comparison and ranking: optimum properties of the row sum procedure},
  journal = 	{Annals of Mathematical Statistics},
  year = 	    {1963}}
  
@Article{jewell,
  author = 	    {N.P. Jewell and J.D. Kalbfleisch},
  title = 	    {Maximum likelihood estimation of ordered multinomial parameters},
  journal = 	{Biostatistics},
  year = 	    {2004}}

@Article{jia,
  author = 	    {H. Jia and S. Skaperdas and S. Vaidya},
  title = 	    {Contest functions: Theoretical foundations and issues in estimation},
  journal = 	{International Journal of Industrial Organization},
  year = 	    {2013}}

@Article{jiang,
  author = 	    {X. Jiang and L.H. Lim and Y. Yao and Y. Ye},
  title = 	    {Statistical ranking and combinatorial hodge theory},
  journal = 	{Mathematical Programming},
  year = 	    {2010}}
  
@Article{joe,
  author = 	    {H. Joe},
  title = 	    {Rating systems based on paired comparison models},
  journal = 	{Statistics \& Probability Letters},
  year = 	    {1991}}

@Article{keener,
  author = 	    {J.P. Keener},
  title = 	    {The Perron-Frobenius theorem and the ranking of football teams},
  journal = 	{Society for Industrial and Applied Mathematics},
  year = 	    {1993}}
  
@Article{levin,
  author = 	    {J. Levin and B. Nalebuff},
  title = 	    {An Introduction to Vote-Counting Schemes},
  journal = 	{Journal of Economic Perspectives},
  year = 	    {1995}}
  
@Article{lim,
  author = 	    {J. Lim and X. Wang and W. Choi},
  title = 	    {Maximum likelihood estimation of ordered multinational probabilities by geometric programming},
  journal = 	{Computational Statistics and Data Analysis},
  year = 	    {2009}}
    
@Article{luce,
  author = 	    {R.D. Luce},
  title = 	    {Individual choice behavior: a theoretical analysis},
  journal = 	{Bulletin of the American Mathematical Society},
  year = 	    {1960}}
      
@Article{marcus,
  author = 	    {D.J. Marcus},
  title = 	    {New table-tennis rating system},
  journal = 	{The Statistician},
  year = 	    {2001}}
  
@Book{marden,
  author = 	    {J.I. Marden},
  title = 	    {Analyzing and Modeling Rank Data},
  publisher = 	{Chapman and Hall/CRC},
  year = 	    {1996}}

@Misc{massey,
  author = 	    {K. Massey},
  title = 	    {Massey Ratings},
  journal = 	{Web page},
  year = 	    {2017},
  url =         {https://www.masseyratings.com/theory/massey97.pdf}}	
  
@Book{mason,
  author = 	    {J.C. Mason and D.C. Handscomb},
  title = 	    {Chebyshev Polynomials},
  publisher = 	{CRC Press},
  year = 	    {2002}}

@book{milan,
  author    = {M. Vojnovic}, 
  title     = {Contest Theory: Incentive Mechanisms and Ranking Methods},
  publisher = {Cambridge University Press},
  year      = {2016}}
      
@Misc{CVX,
  author = 	    {Michael Grant and Stephen Boyd},
  title = 	    {CVX: Matlab software for disciplined convex programming, version 2.0 beta.},
  url = 	    {http://cvxr.com/cvx},
  year = 	    {2013}}
      
@Article{morrison,
  author = 	    {H.W. Morrison},
  title = 	    {Testable conditions for triads of paired comparison choices},
  journal = 	{Psychometrika},
  year = 	    {1963}}
  
@Article{nemirovski,
  author = 	    {A.S. Nemirovski and M.J. Todd},
  title = 	    {Interior-point methods for optimization},
  journal = 	{Acta Numerica},
  year = 	    {2009}}
  
@Article{pacuit,
  author = 	    {E. Pacuit},
  title = 	    {Voting Methods},
  journal = 	{In The Stanford Encyclopedia of Philosophy},
  editor =      {Edward N. Zalta},
  year = 	    {2012}} 
  
@Article{pan,
  author = 	    {V. Pan},
  title = 	    {How Bad Are Vandermonde Matrices?},
  journal = 	{SIAM Journal on Matrix Analysis and Applications},
  year = 	    {2015}} 
        
@Misc{parrilo,
  author = 	    {P.A. Parrilo},
  title = 	    {Algebraic techniques and semidefinite optimization},
  journal = 	{MIT lecture notes},
  year = 	    {2016},
  url =         {http://stellar.mit.edu/S/course/6/sp10/6.256/courseMaterial/topics/topic2/lectureNotes/lecture-10/lecture-10.pdf}}

@Article{rajkumar,
  author = 	    {A. Rajkumar and S. Agarwal},
  title = 	    {A Statistical Convergence Perspective of Algorithms for Rank Aggregation from Pairwise Data},
  journal = 	{Proceedings of JMLR},
  year = 	    {2014}}

@Article{regan,
  author = 	    {K.W. Regan and G.M. Haworth},
  title = 	    {Intrinsic chess ratings},
  journal = 	{Proceedings of AAAI},
  year = 	    {2011}}
  
@Article{regenwetter1,
  author = 	    {M. Regenwetter and C.P. Davis-Stober},
  title = 	    {There are many models of transitive preference: a tutorial review and current perspective},
  journal = 	{Decision Modeling and Behavior in Complex and Uncertain Environments},
  year = 	    {2008}}

@Article{regenwetter2,
  author = 	    {M. Regenwetter and J. Dana and C.P. Davis-Stober},
  title = 	    {Testing transitivity of preferences on two-alternative forced choice data},
  journal = 	{Frontiers in Psychology},
  year = 	    {2010}}

@Article{regenwetter3,
  author = 	    {M. Regenwetter and J. Dana and C.P. Davis-Stober},
  title = 	    {Transitivity of Preferences},
  journal = 	{Psychological Review},
  year = 	    {2011}}
  
@Article{remage,
  author = 	    {R. Remage and W.A. Thompson},
  title = 	    {Maximum-likelihood paired comparison rankings},
  journal = 	{Biometrika},
  year = 	    {1966}}
  
@Article{ramsay,
  author = 	    {J.O. Ramsay},
  title = 	    {Monotone Regression Splines in Action},
  journal = 	{Statistical Science},
  year = 	    {1988}}
    
@Article{saari,
  author = 	    {D.G. Saari},
  title = 	    {Basic Geometry of Voting},
  journal = 	{Springer-Verlag Berlin Heidelberg},
  year = 	    {1995}}    
    
@Article{shah,
  author = 	    {N.B. Shah and S. Balakrishnan and A. Guntuboyina},
  title = 	    {Stochastically transitive models for pairwise comparisons: statistical and computational issues},
  journal = 	{arXiv:1510.05610 [stat.ML]},
  year = 	    {2015}}
      
@Article{shah2,
  author = 	    {N.B. Shah and S. Balakrishnan and J. Bradley and A. Parekh and K. Ramchandran and M.J. Wainwright},
  title = 	    {Estimation from pairwise comparisons: sharp minimax bounds with topology dependence},
  journal = 	{Proceedings of the Eighteenth International Conference on Artificial Intelligence and Statistics},
  year = 	    {2015}}
  
@Misc{shawul,
  author = 	    {D. Shawu and R. Coulom},
  title = 	    {Paired comparisons with ties: modeling game outcomes in Chess},
  journal = 	{Web Technical Report},
  year = 	    {2012},
  url =         {http://www.grappa.univ-lille3.fr/~coulom/ChessOutcomes.pdf}}
      
@Article{simons,
  author = 	    {G. Simons and Y.C. Yao},
  title = 	    {Asymptotics when the number of parameters tends to infinity in the Bradley-Terry model for paired comparisons},
  journal = 	{The Annals of Statistics},
  year = 	    {1999}}
      
@Misc{sismanis,
  author = 	    {Y. Sismanis},
  title = 	    {How I won the ``Chess Ratins: Elo vs the rest of the world" Competition},
  journal = 	{Web Technical Report},
  year = 	    {2010},
  month =       {December},
  url =         {http://arxiv.org/pdf/1012.4571v1.pdf}}
      
@Article{sonas,
  author = 	    {J. Sonas},
  title = 	    {Rating inflation – its causes and possible cures},
  journal = 	{Chessbase},
  year = 	    {2009},
  url =         {http://en.chessbase.com/post/rating-inflation-its-causes-and-poible-cures}}
      
@Article{stefani,
  author = 	    {R. Stefani},
  title = 	    {The methodology of officially recognized international sports rating systems},
  journal = 	{Journal of Quantitative Analysis in Sports},
  year = 	    {2011}}
  
@Article{stein,
  author = 	    {O. Stein},
  title = 	    {How to Solve a Semi-infinite Optimization Problem},
  journal = 	{European Journal of Operational Research},
  year = 	    {2012}}
        
@Article{stob,
  author = 	    {M. Stob},
  title = 	    {A supplement to ``a mathematician's guide to popular sports"},
  journal = 	{The American Mathematical Monthly},
  year = 	    {1984}}
  
@Article{su,
  author = 	    {S. Su},
  title = 	    {Fleximble Parametric Quantile Regression Model},
  journal = 	{Stat Compt},
  year = 	    {2015}}

@Article{takeuchi,
  author = 	    {I. Takeuchi and Q.V. Le and T.D. Sears and A.J. Smola},
  title = 	    {Nonparametric Quantile Estimation},
  journal = 	{Journal of Machine Learning Research},
  year = 	    {2006}}
      
@Article{thurstone,
  author = 	    {L.L. Thurstone},
  title = 	    {A law of comparative judgment},
  journal = 	{Psychology Review},
  year = 	    {1927}}
        
@Misc{tsukida,
  author = 	    {K. Tsukida and M.R. Gupta},
  title = 	    {How to analyze paired comparison data},
  journal = 	{UWEE Technical Report},
  year = 	    {2011},
  url =         {http://www.dtic.mil/dtic/tr/fulltext/u2/a543806.pdf}}

@Article{vandenberghe,
  author = 	    {L. Vandenberghe and S. Boyd},
  title = 	    {Semidefinite Programming},
  journal = 	{SIAM Review},
  year = 	    {1996}}

@Article{SDPT3,
  author = 	    {R.H. Tutuncu and K.C. Toh and  M.J. Todd},
  title = 	    {Solving semidefinite-quadratic-linear programs using SDPT3},
  journal = 	{Mathematical Programming Series B},
  year = 	    {2003}}
  
@Article{tversky,
  author = 	    {A. Tversky},
  title = 	    {Intransitivity of preferences},
  journal = 	{Psychological Review},
  year = 	    {1969}}
    
@Article{yellott,
  author = 	    {J.I. Yellott},
  title = 	    {The relationship between Thurstone's, Luce's and Dawkins' models for paired comparisons},
  journal = 	{Annual Meeting of Mathematical Psychology},
  year = 	    {1970}}
  
@Article{yellott2,
  author = 	    {J.I. Yellott},
  title = 	    {The Relationship Between Luce's Choice Axiom,
Thurstone's Theory of Comparative Judgment,
and the Double Exponential},
  journal = 	{Journal of Mathematical Psychology},
  year = 	    {1977}}
  
@Article{zermelo,
  author = 	    {E. Zermelo},
  title = 	    {Die Berechnung der Turnier-Ergebnisse als ein Maximumproblem der Wahrscheinlichkeitsrechnung},
  journal = 	{Mathematische Zeitschrift},
  year = 	    {1928}}