@article{detommaso2018stein,
  title={A {S}tein variational {N}ewton method},
  author={Detommaso, G. and Cui, T. and Marzouk, Y. and Scheichl, R. and Spantini, A.},
  journal={Advances in Neural Information Processing Systems},
  note={arXiv:1806.03085},
  year={2018}
}

@article{anderes2012general,
  title={A general spline representation for nonparametric and semiparametric density estimates using diffeomorphisms},
  author={Anderes, E. and Coram, M.},
  journal={arXiv:1205.5314},
  year={2012}
}

@article{raanes2016ensemble,
  title={On the ensemble {R}auch-{T}ung-{S}triebel smoother and its equivalence to the ensemble {K}alman smoother},
  author={Raanes, P. N.},
  journal={Quarterly Journal of the Royal Meteorological Society},
  volume={142},
  number={696},
  pages={1259--1264},
  year={2016},
  publisher={Wiley Online Library}
}

@article{evensen2000ensemble,
  title={An ensemble {K}alman smoother for nonlinear dynamics},
  author={Evensen, G. and Van Leeuwen, P. J.},
  journal={Monthly Weather Review},
  volume={128},
  number={6},
  pages={1852--1867},
  year={2000}
}

@article{van1996data,
  title={Data assimilation and inverse methods in terms of a probabilistic formulation},
  author={Van Leeuwen, P. J. and Evensen, G.},
  journal={Monthly Weather Review},
  volume={124},
  number={12},
  pages={2898--2913},
  year={1996}
}

@article{mendoza2018bayesian,
  title={Bayesian {L}asso Posterior Sampling via Parallelized Measure Transport},
  author={Mendoza, M. and Allegra, A. and Coleman, T. P.},
  journal={arXiv:1801.02106},
  year={2018}
}

@book{goodfellow2016deep,
  title={Deep learning},
  author={Goodfellow, I. and Bengio, Y. and Courville, A. and Bengio, Y.},
  volume={1},
  year={2016},
  publisher={MIT press Cambridge}
}

@article{mohamed2016learning,
  title={Learning in implicit generative models},
  author={Mohamed, S. and Lakshminarayanan, B.},
  journal={arXiv:1610.03483},
  year={2016}
}

@article{sohl2015deep,
  title={Deep unsupervised learning using nonequilibrium thermodynamics},
  author={Sohl-Dickstein, Jascha and Weiss, Eric A and Maheswaranathan, Niru and Ganguli, Surya},
  journal={arXiv preprint arXiv:1503.03585},
  year={2015}
}

@article{morrison2017beyond,
  title={Beyond normality: Learning sparse probabilistic graphical models
  in the non-{G}aussian setting},
  author={Morrison, R. and Baptista, R. and Marzouk, Y.},
  journal={Advances in Neural Information Processing Systems},
  note={arXiv:1711.00950},
  year={2017}  
}

@article{dinh2016density,
  title={Density estimation using {R}eal {NVP}},
  author={Dinh, L. and Sohl-Dickstein, J. and Bengio, S.},
  journal={arXiv:1605.08803},
  year={2016}
}

@article{kingma2013auto,
  title={Auto-encoding variational {B}ayes},
  author={Kingma, D. P. and Welling, M.},
  journal={arXiv:1312.6114},
  year={2013}
}

@inproceedings{goodfellow2014generative,
  title={Generative adversarial nets},
  author={Goodfellow, I. and Pouget-Abadie, J. and Mirza, M. and Xu, B. and Warde-Farley, D. and Ozair, S. and Courville, A. and Bengio, Y.},
  booktitle={Advances in Neural Information Processing Systems},
  pages={2672--2680},
  year={2014}
}

@article{han2017stein,
  title={Stein variational adaptive importance sampling},
  author={Han, J. and Liu, Q.},
  journal={arXiv:1704.05201},
  year={2017}
}

@article{park1996new,
  title={New square-root smoothing algorithms},
  author={Park, PooGyeon and Kailath, Thomas},
  journal={IEEE Transactions on Automatic Control},
  volume={41},
  number={5},
  pages={727--732},
  year={1996},
  publisher={IEEE}
}

@article{rauch1965maximum,
  title={Maximum likelihood estimates of linear dynamic systems},
  author={Rauch, H. E. and Striebel, C. T. and Tung, F.},
  journal={AIAA Journal},
  volume={3},
  number={8},
  pages={1445--1450},
  year={1965}
}

@article{dawid1979conditional,
  title={Conditional independence in statistical theory},
  author={Dawid, A. P.},
  journal={Journal of the Royal Statistical Society: Series B},
  pages={1--31},
  year={1979},
  publisher={JSTOR}
}

@article{bottou2016optimization,
  title={Optimization methods for large-scale machine learning},
  author={Bottou, L. and Curtis, F. and Nocedal, J.},
  journal={arXiv:1606.04838},
  year={2016}
}

@Inbook{Shapiro2013,
author="Shapiro, A.",
editor="Gass, Saul I.
and Fu, Michael C.",
title="Sample Average Approximation",
bookTitle="Encyclopedia of Operations Research and Management Science",
year="2013",
publisher="Springer US",
address="Boston",
pages="1350--1355"
}


@article{dick2016higher,
  title={Higher order {Q}uasi-{M}onte {C}arlo integration for {B}ayesian estimation},
  author={Dick, J. and Gantner, R. N. and Gia, Q. T. L. and Schwab, C.},
  journal={arXiv:1602.07363},
  year={2016}
}

@article{crisan2002survey,
  title={A survey of convergence results on particle filtering methods for practitioners},
  author={Crisan, D. and Doucet, A.},
  journal={IEEE Transactions on signal processing},
  volume={50},
  number={3},
  pages={736--746},
  year={2002},
  publisher={IEEE}
}

@article{reich2013ensemble,
  title={Ensemble filter techniques for intermittent data assimilation},
  author={Reich, S. and Cotter, C.},
  journal={Large Scale Inverse Problems. Computational Methods and Applications in the Earth Sciences},
  volume={13},
  pages={91--134},
  year={2013}
}

@article{oliver2015metropolized,
  title={Metropolized randomized maximum likelihood for sampling from multimodal distributions},
  author={Oliver, D. S.},
  journal={arXiv:1507.08563},
  year={2015}
}

@article{chorin2009implicit,
  title={Implicit sampling for particle filters},
  author={Chorin, A. J. and Tu, X.},
  journal={Proceedings of the National Academy of Sciences},
  volume={106},
  number={41},
  pages={17249--17254},
  year={2009},
  publisher={National Acad Sciences}
}

@article{morzfeld2015parameter,
  title={Parameter estimation by implicit sampling},
  author={Morzfeld, M. and Tu, X. and Wilkening, J. and Chorin, A.},
  journal={Communications in Applied Mathematics and Computational Science},
  volume={10},
  number={2},
  pages={205--225},
  year={2015},
  publisher={Mathematical Sciences Publishers}
}

@book{smith1962application,
  title={Application of statistical filter theory to the optimal estimation of position and velocity on board a circumlunar vehicle},
  author={Smith, G. L. and Schmidt, S. F. and McGee, L. A.},
  year={1962},
  publisher={National Aeronautics and Space Administration}
}

@inproceedings{cheng2015efficient,
  title={Efficient sampling for {G}aussian graphical models via spectral sparsification.},
  author={Cheng, D. and Cheng, Y. and Liu, Y. and Peng, R. and Teng, S.},
  booktitle={Conference on Learning Theory},
  booktitleaddon={Proceedings of the 28th Conference on Learning Theory},
  pages={364--390},
  year={2015}
}


@article{wang2016warp,
  title={Warp bridge sampling: the next generation},
  author={Wang, L. and Meng, X.},
  journal={arXiv:1609.07690},
  year={2016}
}

@article{hamill2001distance,
  title={Distance-dependent filtering of background error covariance estimates in an ensemble {K}alman filter},
  author={Hamill, T. M. and Whitaker, J. S. and Snyder, C.},
  journal={Monthly Weather Review},
  volume={129},
  number={11},
  pages={2776--2790},
  year={2001}
}

@article{gaspari1999construction,
  title={Construction of correlation functions in two and three dimensions},
  author={Gaspari, G. and Cohn, S. E.},
  journal={Quarterly Journal of the Royal Meteorological Society},
  volume={125},
  number={554},
  pages={723--757},
  year={1999},
  publisher={Wiley Online Library}
}

@article{johnson2008recursive,
  title={A recursive model-reduction method for approximate inference in {G}aussian {M}arkov random fields},
  author={Johnson, J. K. and Willsky, A. S.},
  journal={IEEE Transactions on Image Processing},
  volume={17},
  number={1},
  pages={70--83},
  year={2008},
  publisher={IEEE}
}

@inproceedings{jog2015model,
  title={On model misspecification and {KL} separation for {G}aussian graphical models},
  author={Jog, V. and Loh, P.},
  booktitle={IEEE International Symposium on Information Theory},
  pages={1174--1178},
  year={2015},
}


@article{laparra2011iterative,
  title={Iterative {G}aussianization: from {ICA} to random rotations},
  author={Laparra, V. and Camps-Valls, G. and Malo, J.},
  journal={IEEE transactions on neural networks},
  volume={22},
  number={4},
  pages={537--549},
  year={2011},
  publisher={IEEE}
}

@article{marsaglia2000ziggurat,
  title={The ziggurat method for generating random variables},
  author={Marsaglia, G. and Tsang, W. W.},
  journal={Journal of Statistical Software},
  volume={5},
  number={8},
  pages={1--7},
  year={2000}
}

@article{jacob2016coupling,
  title={Coupling of Particle Filters},
  author={Jacob, Pierre E and Lindsten, Fredrik and Sch{\"o}n, Thomas B},
  journal={arXiv preprint arXiv:1606.01156},
  year={2016}
}

@inproceedings{daum2008particle,
  title={Particle flow for nonlinear filters with log-homotopy},
  author={Daum, F. and Huang, J.},
  booktitle={SPIE Defense and Security Symposium},
  pages={696918--696918},
  year={2008},
  organization={International Society for Optics and Photonics}
}

@book{tao2011introduction,
  title={An introduction to measure theory},
  author={Tao, T.},
  volume={126},
  year={2011},
  publisher={American Mathematical Soc.}
}

@article{bogachev2005triangular,
  title={Triangular transformations of measures},
  author={Bogachev, V. I. and Kolesnikov, A. V. and Medvedev, K. V.},
  journal={Sbornik: Mathematics},
  volume={196},
  number={3},
  pages={309},
  year={2005},
  publisher={IOP Publishing}
}

@book{fremlin2000measure,
  title={Measure Theory},
  author={Fremlin, D. H.},
  volume={4},
  year={2000},
  publisher={Torres Fremlin}
}

@book{spivak1965calculus,
  title={Calculus on manifolds},
  author={Spivak, M.},
  volume={1},
  year={1965},
  publisher={WA Benjamin New York}
}

@book{rudin1987real,
  title={Real and complex analysis},
  author={Rudin, W.},
  year={1987},
  publisher={Tata McGraw-Hill Education}
}

@article{zheng17,
  title = "Bayesian inverse problems with l1 priors: a randomize-then-optimize approach",
  author = "Z. Wang, J. M. Bardsley, A. Solonen, T. Cui, Y. M. Marzouk",
  journal = "SIAM Journal on Scientific Computing",
  volume = "in press",
  year ="2017",
}

@book{bryc2012normal,
  title={The normal distribution: characterizations with applications},
  author={Bryc, Wlodzimierz},
  volume={100},
  year={2012},
  publisher={Springer Science \& Business Media}
}

@article{kac1939characterization,
  title={On a characterization of the normal distribution},
  author={Kac, M},
  journal={American Journal of Mathematics},
  volume={61},
  number={3},
  pages={726--728},
  year={1939},
  publisher={JSTOR}
}

@book{santambrogio2015optimal,
  title={Optimal Transport for Applied Mathematicians},
  author={Santambrogio, F.},
  book={Progress in Nonlinear Differential Equations and their applications},
  volume={87},
  journal={Birk{\"a}user, NY},
  year={2015},
  publisher={Springer}
}

@article{constantine2016accelerating,
  title={Accelerating Markov Chain Monte Carlo with Active Subspaces},
  author={Constantine, Paul G and Kent, Carson and Bui-Thanh, Tan},
  journal={SIAM Journal on Scientific Computing},
  volume={38},
  number={5},
  pages={A2779--A2805},
  year={2016},
  publisher={SIAM}
}

@article{durbin2000time,
  title={Time series analysis of non-{G}aussian observations based on state-space models from both classical and {B}ayesian perspectives},
  author={Durbin, J. and Koopman, S. J.},
  journal={Journal of the Royal Statistical Society: Series B},
  volume={62},
  number={1},
  pages={3--56},
  year={2000},
  publisher={Wiley Online Library}
}


@book{bierman2006factorization,
  title={Factorization methods for discrete sequential estimation},
  author={Bierman, G. J.},
  year={2006},
  publisher={Courier Corporation}
}

@book{cappet2005,
  title={Inference in {H}idden {M}arkov {M}odels},
  author={Capp{\'e}, O. and Moulines, E. and Ryden, T.},
  year={2005},
  publisher={Springer Verlag, New York}
}

@inproceedings{liu2016stein,
  title={Stein variational gradient descent: a general purpose {B}ayesian inference algorithm},
  author={Liu, Q. and Wang, D.},
  booktitle={Advances in Neural Information Processing Systems},
  pages={2370--2378},
  year={2016}
}

@incollection{del2004feynman,
  title={Feynman-{K}ac Formulae},
  author={Del Moral, P.},
  booktitle={Feynman-Kac Formulae: Genealogical and Interacting Particle Systems with Applications},
  pages={47--93},
  year={2004},
  publisher={Springer}
}


@article{evensen2003ensemble,
  title={The ensemble {K}alman filter: Theoretical formulation and practical implementation},
  author={Evensen, G.},
  journal={Ocean dynamics},
  volume={53},
  number={4},
  pages={343--367},
  year={2003},
  publisher={Springer}
}

@article{gilks2001following,
  title={Following a moving target---Monte Carlo inference for dynamic Bayesian models},
  author={Gilks, Walter R and Berzuini, Carlo},
  journal={Journal of the Royal Statistical Society: Series B (Statistical Methodology)},
  volume={63},
  number={1},
  pages={127--146},
  year={2001},
  publisher={Wiley Online Library}
}

@article{pitt1999filtering,
  title={Filtering via simulation: Auxiliary particle filters},
  author={Pitt, Michael K and Shephard, Neil},
  journal={Journal of the American statistical association},
  volume={94},
  number={446},
  pages={590--599},
  year={1999},
  publisher={Taylor \& Francis}
}

@article{polson2008practical,
  title={Practical filtering with sequential parameter learning},
  author={Polson, N. G. and Stroud, J. R. and M{\"u}ller, P.},
  journal={Journal of the Royal Statistical Society: Series B},
  volume={70},
  number={2},
  pages={413--428},
  year={2008},
  publisher={Wiley Online Library}
}

@article{flury2011bayesian,
  title={Bayesian inference based only on simulated likelihood: particle filter analysis of dynamic economic models},
  author={Flury, T. and Shephard, N.},
  journal={Econometric Theory},
  volume={27},
  number={05},
  pages={933--956},
  year={2011},
  publisher={Cambridge Univ Press}
}

@incollection{liu2001combined,
  title={Combined parameter and state estimation in simulation-based filtering},
  author={Liu, J. and West, M.},
  booktitle={Sequential Monte Carlo methods in practice},
  pages={197--223},
  year={2001},
  publisher={Springer}
}

@article{kitagawa1998self,
  title={A self-organizing state-space model},
  author={Kitagawa, G.},
  journal={Journal of the American Statistical Association},
  pages={1203--1215},
  year={1998},
  publisher={JSTOR}
}


@article{bresler1986two,
  title={Two-filter formulae for discrete-time non-linear {B}ayesian smoothing},
  author={Bresler, Y.},
  journal={International Journal of Control},
  volume={43},
  number={2},
  pages={629--641},
  year={1986},
  publisher={Taylor \& Francis}
}

@article{sudderth2010nonparametric,
  title={Nonparametric belief propagation},
  author={Sudderth, E. B. and Ihler, A. T. and Isard, M. and Freeman, W. T. and Willsky, A. S.},
  journal={Communications of the ACM},
  volume={53},
  number={10},
  pages={95--103},
  year={2010},
  publisher={ACM}
}

@inproceedings{lindsten2012use,
  title={On the use of backward simulation in the particle Gibbs sampler},
  author={Lindsten, Fredrik and Sch{\"o}n, Thomas B},
  booktitle={2012 IEEE International Conference on Acoustics, Speech and Signal Processing (ICASSP)},
  pages={3845--3848},
  year={2012},
  organization={IEEE}
}

@article{tran2015variational,
  title={Variational Gaussian Process},
  author={Tran, Dustin and Ranganath, Rajesh and Blei, David M},
  journal={arXiv preprint arXiv:1511.06499},
  year={2015}
}

@article{rezende2015variational,
  title={Variational inference with normalizing flows},
  author={Rezende, D. J. and Mohamed, S.},
  journal={arXiv:1505.05770},
  year={2015}
}

@inproceedings{minka2001expectation,
  title={Expectation propagation for approximate Bayesian inference},
  author={Minka, Thomas P},
  booktitle={Proceedings of the Seventeenth conference on Uncertainty in artificial intelligence},
  pages={362--369},
  year={2001},
  organization={Morgan Kaufmann Publishers Inc.}
}

@article{guo2016boosting,
  title={Boosting Variational Inference},
  author={Guo, Fangjian and Wang, Xiangyu and Fan, Kai and Broderick, Tamara and Dunson, David B},
  journal={arXiv preprint arXiv:1611.05559},
  year={2016}
}

@article{gershman2012nonparametric,
  title={Nonparametric variational inference},
  author={Gershman, Samuel and Hoffman, Matt and Blei, David},
  journal={arXiv preprint arXiv:1206.4665},
  year={2012}
}

@article{oliver2014minimization,
  title={Minimization for conditional simulation: Relationship to optimal transport},
  author={Oliver, Dean S},
  journal={Journal of Computational Physics},
  volume={265},
  pages={1--15},
  year={2014},
  publisher={Elsevier}
}

@article{del2010forward,
  title={Forward smoothing using sequential Monte Carlo},
  author={Del Moral, Pierre and Doucet, Arnaud and Singh, Sumeetpal},
  journal={arXiv preprint arXiv:1012.5390},
  year={2010}
}

@article{constantine2014computing,
  title={Computing active subspaces with Monte Carlo},
  author={Constantine, Paul and Gleich, David},
  journal={arXiv preprint arXiv:1408.0545},
  year={2014}
}

@article{russi2010uncertainty,
  title={Uncertainty quantification with experimental data and complex system models},
  author={Russi, Trent Michael},
  year={2010}
}

@book{hackbusch2012tensor,
  title={Tensor spaces and numerical tensor calculus},
  author={Hackbusch, Wolfgang},
  volume={42},
  year={2012},
  publisher={Springer Science \& Business Media}
}

@article{oseledets2011tensor,
  title={Tensor-train decomposition},
  author={Oseledets, Ivan V},
  journal={SIAM Journal on Scientific Computing},
  volume={33},
  number={5},
  pages={2295--2317},
  year={2011},
  publisher={SIAM}
}

@article{andrieu2010particle,
  title={Particle {M}arkov chain {M}onte {C}arlo methods},
  author={Andrieu, C. and Doucet, A. and Holenstein, R.},
  journal={Journal of the Royal Statistical Society: Series B},
  volume={72},
  number={3},
  pages={269--342},
  year={2010},
  publisher={Wiley Online Library}
}

@article{godsill2012monte,
  title={Monte {C}arlo smoothing for nonlinear time series},
  author={Godsill, S. J. and Doucet, A. and West, M.},
  journal={Journal of the American Statistical Association},
  volume={99},
  number={465},
  pages={156--168},
  year={2004},
  publisher={Taylor \& Francis}
}

@article{doucet2009tutorial,
  title={A tutorial on particle filtering and smoothing: Fifteen years later},
  author={Doucet, A. and Johansen, A. M.},
  journal={Handbook of nonlinear filtering},
  volume={12},
  number={656-704},
  pages={3},
  year={2009}
}

@article{briers2010smoothing,
  title={Smoothing algorithms for state--space models},
  author={Briers, M. and Doucet, A. and Maskell, S.},
  journal={Annals of the Institute of Statistical Mathematics},
  volume={62},
  number={1},
  pages={61--89},
  year={2010},
  publisher={Springer}
}

@article{kitagawa1994two,
  title={The two-filter formula for smoothing and an implementation of the {G}aussian-sum smoother},
  author={Kitagawa, G.},
  journal={Annals of the Institute of Statistical Mathematics},
  volume={46},
  number={4},
  pages={605--623},
  year={1994},
  publisher={Springer}
}

@article{kitagawa1987non,
  title={Non-{G}aussian state-space modeling of nonstationary time series},
  author={Kitagawa, G.},
  journal={Journal of the American Statistical Association},
  volume={82},
  number={400},
  pages={1032--1041},
  year={1987},
  publisher={Taylor \& Francis Group}
}

@article{doucet2000sequential,
  title={On sequential {M}onte {C}arlo sampling methods for {B}ayesian filtering},
  author={Doucet, A. and Godsill, S. and Andrieu, C.},
  journal={Statistics and computing},
  volume={10},
  number={3},
  pages={197--208},
  year={2000},
  publisher={Springer}
}

@article{alexander2005accelerated,
  title={Accelerated Monte Carlo for optimal estimation of time series},
  author={Alexander, Francis J and Eyink, Gregory L and Restrepo, Juan M},
  journal={Journal of Statistical Physics},
  volume={119},
  number={5-6},
  pages={1331--1345},
  year={2005},
  publisher={Springer}
}

@book{oksendal2013stochastic,
  title={Stochastic differential equations: an introduction with applications},
  author={Oksendal, B.},
  year={2013},
  publisher={Springer Science \& Business Media}
}

@book{sarkka2013bayesian,
  title={Bayesian Filtering and Smoothing},
  author={S{\"a}rkk{\"a}, S.},
  volume={3},
  year={2013},
  publisher={Cambridge University Press}
}


@book{bertsekas1995dynamic,
  title={Dynamic programming and optimal control},
  author={Bertsekas, D. P.},
  volume={1},
  number={2},
  year={1995},
  publisher={Athena Scientific Belmont, MA}
}

@book{saad2003iterative,
  title={Iterative Methods for Sparse Linear Systems},
  author={Saad, Y.},
  year={2003},
  publisher={SIAM}
}

@book{blake2011markov,
  title={Markov random fields for vision and image processing},
  author={Blake, A. and Kohli, P. and Rother, C.},
  year={2011},
  publisher={MIT Press}
}

@article{ghysels19965,
  title={5 Stochastic volatility},
  author={Ghysels, Eric and Harvey, Andrew C and Renault, Eric},
  journal={Handbook of statistics},
  volume={14},
  pages={119--191},
  year={1996},
  publisher={Elsevier}
}

@article{shephard1996statistical,
  title={Statistical aspects of ARCH and stochastic volatility},
  author={Shephard, Neil},
  journal={Monographs on Statistics and Applied Probability},
  volume={65},
  pages={1--68},
  year={1996},
  publisher={Chapman \& Hall}
}

@article{taylor1994modeling,
  title={Modeling stochastic volatility: A review and comparative study},
  author={Taylor, Stephen J},
  journal={Mathematical finance},
  volume={4},
  number={2},
  pages={183--204},
  year={1994},
  publisher={Wiley Online Library}
}

@article{hull1987pricing,
  title={The pricing of options on assets with stochastic volatilities},
  author={Hull, John and White, Alan},
  journal={The journal of finance},
  volume={42},
  number={2},
  pages={281--300},
  year={1987},
  publisher={Wiley Online Library}
}

@article{kim1998stochastic,
  title={Stochastic volatility: likelihood inference and comparison with {ARCH} models},
  author={Kim, S. and Shephard, N. and Chib, S.},
  journal={The Review of Economic Studies},
  volume={65},
  number={3},
  pages={361--393},
  year={1998},
  publisher={Oxford University Press}
}

@article{kantas2015particle,
  title={On particle methods for parameter estimation in state-space models},
  author={Kantas, N. and Doucet, A. and Singh, S. S. and Maciejowski, J. and Chopin, N.},
  journal={Statistical Science},
  volume={30},
  number={3},
  pages={328--351},
  year={2015},
  publisher={Institute of Mathematical Statistics}
}

%%%%%%% References on model learning %%%%%%%%%%%%%%%%%%%
@article{dempster1972covariance,
  title={Covariance selection},
  author={Dempster, Arthur P},
  journal={Biometrics},
  pages={157--175},
  year={1972},
  publisher={JSTOR}
}

@article{yuan2007model,
  title={Model selection and estimation in the {G}aussian graphical model},
  author={Yuan, M. and Lin, Y.},
  journal={Biometrika},
  volume={94},
  number={1},
  pages={19--35},
  year={2007},
  publisher={Biometrika Trust}
}

@article{meinshausen2006high,
  title={High-dimensional graphs and variable selection with the {L}asso},
  author={Meinshausen, N. and B{\"u}hlmann, P.},
  journal={The Annals of Statistics},
  pages={1436--1462},
  year={2006},
  publisher={JSTOR}
}

@article{hyvarinen2005estimation,
  title={Estimation of non-normalized statistical models by score matching},
  author={Hyv{\"a}rinen, A.},
  journal={Journal of Machine Learning Research},
  volume={6},
  number={Apr},
  pages={695--709},
  year={2005}
}

@article{lin2015high,
  title={High-dimensional inference of graphical models using regularized score matching},
  author={Lin, L. and Drton, M. and Shojaie, A.},
  journal={arXiv:1507.00433},
  year={2015}
}


%%%%%%%%%%%%%%%%%%%%%%%%%%%%%%%%%%%%%%%%%

@article{hammersley1971markov,
  title={Markov fields on finite graphs and lattices},
  author={Hammersley, J. M. and Clifford, P.},
    journal={Unpublished manuscript},
  year={1971}
}

@book{asmussen2007stochastic,
  title={Stochastic simulation: algorithms and analysis},
  author={Asmussen, S. and Glynn, P. W.},
  volume={57},
  year={2007},
  publisher={Springer Science \& Business Media}
}

@book{glasserman1991gradient,
  title={Gradient estimation via perturbation analysis},
  author={Glasserman, P.},
  year={1991},
  publisher={Springer Science \& Business Media}
}

@article{ho1983perturbation,
  title={Perturbation analysis and optimization of queueing networks},
  author={Ho, Y. C. and Cao, X.},
  journal={Journal of Optimization Theory and Applications},
  volume={40},
  number={4},
  pages={559--582},
  year={1983},
  publisher={Springer}
}

@article{glynn1990likelihood,
  title={Likelihood ratio gradient estimation for stochastic systems},
  author={Glynn, P. W.},
  journal={Communications of the ACM},
  volume={33},
  number={10},
  pages={75--84},
  year={1990},
  publisher={ACM}
}

@article{chib2001marginal,
  title={Marginal likelihood from the Metropolis--Hastings output},
  author={Chib, Siddhartha and Jeliazkov, Ivan},
  journal={Journal of the American Statistical Association},
  volume={96},
  number={453},
  pages={270--281},
  year={2001},
  publisher={Taylor \& Francis}
}

@article{gelman1998simulating,
  title={Simulating normalizing constants: From importance sampling to bridge sampling to path sampling},
  author={Gelman, Andrew and Meng, Xiao-Li},
  journal={Statistical science},
  pages={163--185},
  year={1998},
  publisher={JSTOR}
}

@Article{Csillery2010,
  Title                    = {{Approximate Bayesian Computation (ABC) in practice}},
  Author                   = {Csill\'{e}ry, K. and Blum, M. G. B. and Gaggiotti, O. E. and Fran\c{c}ois, O.},
  Journal                  = {Trends in ecology \& evolution},
  Year                     = {2010},
  Number                   = {7},
  Pages                    = {410--8},
  Volume                   = {25}
}


@Article{Marin2011,
  Title                    = {{Approximate Bayesian computational methods}},
  Author                   = {Marin, J. M. and Pudlo, P. and Robert, C. P. and Ryder, R. J.},
  journal={Statistics and Computing},
  volume={22},
  number={6},
  pages={1167--1180},
  year={2012},
  publisher={Springer}
}

@book{wilkinson2011stochastic,
  title={Stochastic modelling for systems biology},
  author={Wilkinson, D. J.},
  year={2011},
  publisher={CRC press}
}


@article{bigoni2016monotone,
  title={On the computation of monotone transports},
  author={Bigoni, D. and Spantini, A. and Marzouk, Y.},
  year={2019},
  journal={In preparation}
}


@article{saul1996exploiting,
  title={Exploiting tractable substructures in intractable networks},
  author={Saul, Lawrence K and Jordan, Michael I},
  journal={Advances in neural information processing systems},
  pages={486--492},
  year={1996},
  publisher={MORGAN KAUFMANN PUBLISHERS}
}

@article {bergemann2012ensemble,
  title = {An ensemble Kalman Bucy filter for continuous data assimilation},
  author = {Bergemann, Kay and Reich, Sebastian},
  journal = {Meteorological Magazine},
  volume = {21},
  number = {3},
  pages = {213-219},
  year = {2012},
  publisher = {E. Content Free Trial}
}

@article{reich2012gaussian,
  title={A Gaussian-mixture ensemble transform filter},
  author={Reich, Sebastian},
  journal={Quarterly Journal of the Royal Meteorological Society},
  volume={138},
  number={662},
  pages={222--233},
  year={2012},
  publisher={Wiley Online Library}
}

@article{reich2011dynamical,
  title={A dynamical systems framework for intermittent data assimilation},
  author={Reich, S.},
  journal={BIT Numerical Mathematics},
  volume={51},
  number={1},
  pages={235--249},
  year={2011},
  publisher={Springer}
}

@article{heng2015gibbs,
  title={Gibbs flow for approximate transport with applications to {B}ayesian computation},
  author={Heng, J. and Doucet, A. and Pokern, Y.},
  journal={arXiv:1509.08787},
  year={2015}
}

@article{hoffman2014structured,
  title={Structured stochastic variational inference},
  author={Hoffman, Matthew D and Blei, David M},
  journal={arXiv preprint arXiv:1404.4114},
  year={2014}
}


@inproceedings{ranganath2013black,
  title={Black box variational inference},
  author={Ranganath, R. and Gerrish, S. and Blei, D. M.},
  booktitle={Artificial Intelligence and Statistics},
  pages={814--822},
  year={2014}
}


@inproceedings{tran2015copula,
  title={Copula variational inference},
  author={Tran, Dustin and Blei, David and Airoldi, Edo M},
  booktitle={Advances in Neural Information Processing Systems},
  pages={3550--3558},
  year={2015}
}

@article{meng2002warp,
  title={Warp bridge sampling},
  author={Meng, X. and Schilling, S.},
  journal={Journal of Computational and Graphical Statistics},
  volume={11},
  number={3},
  pages={552--586},
  year={2002},
  publisher={Taylor \& Francis}
}

@article{stavropoulou2015parametrization,
  title={Parametrization of random vectors in polynomial chaos expansions via optimal transportation},
  author={Stavropoulou, F. and M{\"u}ller, J.},
  journal={SIAM Journal on Scientific Computing},
  volume={37},
  number={6},
  pages={A2535--A2557},
  year={2015},
  publisher={SIAM}
}

@article{reich2013nonparametric,
  title={A nonparametric ensemble transform method for {B}ayesian inference},
  author={Reich, S.},
  journal={SIAM Journal on Scientific Computing},
  volume={35},
  number={4},
  pages={A2013--A2024},
  year={2013},
  publisher={SIAM}
}

@article{amezcua2014ensemble,
  title={Ensemble transform Kalman--Bucy filters},
  author={Amezcua, Javier and Ide, Kayo and Kalnay, Eugenia and Reich, Sebastian},
  journal={Quarterly Journal of the Royal Meteorological Society},
  volume={140},
  number={680},
  pages={995--1004},
  year={2014},
  publisher={Wiley Online Library}
}

@article{reich2014consistency,
  title={ON THE CONSISTENCY OF ENSEMBLE TRANSFORM FILTER FORMULATIONS.},
  author={Reich, Sebastian and Shin, Seoleun},
  journal={Journal of Computational Dynamics},
  volume={1},
  number={1},
  year={2014}
}

@article{cuturi2013fast,
  title={Fast computation of wasserstein barycenters},
  author={Cuturi, Marco and Doucet, Arnaud},
  journal={arXiv preprint arXiv:1310.4375},
  year={2013}
}

@inproceedings{gramfort2015fast,
  title={Fast optimal transport averaging of neuroimaging data},
  author={Gramfort, Alexandre and Peyr{\'e}, Gabriel and Cuturi, Marco},
  booktitle={Information Processing in Medical Imaging},
  pages={261--272},
  year={2015},
  organization={Springer}
}

@inproceedings{seguy2015principal,
  title={Principal Geodesic Analysis for Probability Measures under the Optimal Transport Metric},
  author={Seguy, Vivien and Cuturi, Marco},
  booktitle={Advances in Neural Information Processing Systems},
  pages={3294--3302},
  year={2015}
}

@article{bonneel2016wasserstein,
  title={Wasserstein Barycentric Coordinates: Histogram Regression Using Optimal Transport},
  author={Bonneel, Nicolas and Peyr{\'e}, Gabriel and Cuturi, Marco},
  journal={ACM Transactions on Graphics},
  volume={35},
  number={4},
  year={2016}
}

@incollection{laurence2014constrained,
  title={Constrained density estimation},
  author={Laurence, Peter and Pignol, Ricardo J and Tabak, Esteban G},
  booktitle={Quantitative Energy Finance},
  pages={259--284},
  year={2014},
  publisher={Springer}
}

@article{tabak2014data,
  title={Data-driven optimal transport},
  author={Tabak, Esteban G and Trigila, Giulio},
  journal={Commun. Pure. Appl. Math. doi},
  volume={10},
  pages={1002},
  year={2014}
}


@article{anderes2015discrete,
  title={Discrete Wasserstein Barycenters: Optimal Transport for Discrete Data},
  author={Anderes, Ethan and Borgwardt, Steffen and Miller, Jacob},
  journal={arXiv preprint arXiv:1507.07218},
  year={2015}
}


@article{anderes2011two,
  title={Two-dimensional density estimation using smooth invertible transformations},
  author={Anderes, Ethan and Coram, Marc A},
  journal={Journal of Statistical Planning and Inference},
  volume={141},
  number={3},
  pages={1183--1193},
  year={2011},
  publisher={Elsevier}
}

@book{reich2015probabilistic,
  title={Probabilistic Forecasting and Bayesian Data Assimilation},
  author={Reich, S. and Cotter, C.},
  year={2015},
  publisher={Cambridge University Press}
}

@book{law2015data,
  title={Data assimilation: a mathematical introduction},
  author={Law, K. and Stuart, A. and Zygalakis, K.},
  volume={62},
  year={2015},
  publisher={Springer}
}

@article{kullback1951information,
  title={On information and sufficiency},
  author={Kullback, Solomon and Leibler, Richard A},
  journal={The annals of mathematical statistics},
  volume={22},
  number={1},
  pages={79--86},
  year={1951},
  publisher={JSTOR}
}

@book{amari2007methods,
  title={Methods of information geometry},
  author={Amari, Shun-ichi and Nagaoka, Hiroshi},
  volume={191},
  year={2007},
  publisher={American Mathematical Soc.}
}

@article{parno2015multiscale,
  title={A multiscale strategy for {B}ayesian inference using transport maps},
  author={Parno, M. and Moselhy, T. and Marzouk, Y.},
  journal={SIAM/ASA Journal on Uncertainty Quantification},
  volume={4},
  number={1},
  pages={1160--1190},
  year={2016}
}

@article{huan2016sequential,
  title={Sequential Bayesian optimal experimental design via approximate dynamic programming},
  author={Huan, Xun and Marzouk, Youssef M},
  journal={arXiv preprint arXiv:1604.08320},
  year={2016}
}
%%%%%%% Ref on Variational Inference %%%%%%%%%%%%%%
%%%%%%%%%%%%%%%%%%%%%%%%%%%%%%%%%%%%
@article{kucukelbir2016automatic,
  title={Automatic Differentiation Variational Inference},
  author={Kucukelbir, Alp and Tran, Dustin and Ranganath, Rajesh and Gelman, Andrew and Blei, David M},
  journal={arXiv preprint arXiv:1603.00788},
  year={2016}
}

@article{blei2016variational,
  title={Variational inference: a review for statisticians},
  author={Blei, D.  and Kucukelbir, A. and McAuliffe, J.},
  journal={arXiv:1601.00670},
  year={2016}
}

@article{jordan1999introduction,
  title={An introduction to variational methods for graphical models},
  author={Jordan, Michael I and Ghahramani, Zoubin and Jaakkola, Tommi S and Saul, Lawrence K},
  journal={Machine learning},
  volume={37},
  number={2},
  pages={183--233},
  year={1999},
  publisher={Springer}
}

@article{wainwright2008graphical,
  title={Graphical models, exponential families, and variational inference},
  author={Wainwright, Martin J and Jordan, Michael I},
  journal={Foundations and Trends{\textregistered} in Machine Learning},
  volume={1},
  number={1-2},
  pages={1--305},
  year={2008},
  publisher={Now Publishers Inc.}
}

%%%%%%%%%%%%%%%%%%%%%%%%%%%%%%%%%%%%
%%%%%%%%%%%%%%%%%%%%%%%%%%%%%%%%%%%%
@article {spantini2016goal,
  title = "Goal-oriented optimal approximations of {B}ayesian linear inverse problems",
  author = "A. Spantini and T. Cui and K. Willcox and L. Tenorio and Y. M. Marzouk",
  journal = "SIAM Journal on Scientific Computing",
  volume={39},
  number={5},
  pages={S167--S196},
  year={2017},
  publisher={SIAM},
}

@inproceedings{erol2017nearly,
  title={A nearly-black-box online algorithm for joint parameter and state estimation in temporal models.},
  author={Erol, Y. B. and Wu, Y. and Li, L. and Russell, S. J.},
  booktitle={AAAI},
  pages={1861--1869},
  year={2017}
}

@article{crisan2013nested,
  title={Nested particle filters for online parameter estimation in discrete-time state-space {M}arkov models},
  author={Crisan, D. and Miguez, J.},
  journal={arXiv:1308.1883},
  year={2013}
}

@article{del2017biased,
  title={Biased online parameter inference for state-space models},
  author={Del Moral, P. and Jasra, A. and Zhou, Y.},
  journal={Methodology and Computing in Applied Probability},
  volume={19},
  number={3},
  pages={727--749},
  year={2017},
  publisher={Springer}
}

@article{chopin2013smc2,
  title={{SMC2}: an efficient algorithm for sequential analysis of state space models},
  author={Chopin, N. and Jacob, P. and Papaspiliopoulos, O.},
  journal={Journal of the Royal Statistical Society: Series B (Statistical Methodology)},
  volume={75},
  number={3},
  pages={397--426},
  year={2013},
  publisher={Wiley Online Library}
}

@article{jacob2015sequential,
  title={Sequential {B}ayesian inference for implicit hidden {M}arkov models and current limitations},
  author={Jacob, P. E.},
  journal={ESAIM: Proceedings and Surveys},
  volume={51},
  pages={24--48},
  year={2015},
  publisher={EDP Sciences}
}

@article{yang2013feedback,
  title={Feedback particle filter},
  author={Yang, T. and Mehta, P. G. and Meyn, S. P.},
  journal={IEEE transactions on Automatic control},
  volume={58},
  number={10},
  pages={2465--2480},
  year={2013},
  publisher={IEEE}
}

@inproceedings{daum2012particle,
  title={Particle flow and {M}onge-{K}antorovich transport},
  author={Daum, F. and Huang, J.},
  booktitle={Information Fusion (FUSION), 2012 15th International Conference on},
  pages={135--142},
  year={2012},
  organization={IEEE}
}

@article{de2016second,
  title={Second-order accurate ensemble transform particle filters},
  author={de Wiljes, Jana and Acevedo, Walter and Reich, Sebastian},
  journal={arXiv:1608.08179},
  year={2016}
}

@article{bertsekas1989auction,
  title={The auction algorithm for the transportation problem},
  author={Bertsekas, Dimitri P and Castanon, David A},
  journal={Annals of Operations Research},
  volume={20},
  number={1},
  pages={67--96},
  year={1989},
  publisher={Springer}
}

@book{xiu2010numerical,
  title={Numerical methods for stochastic computations: a spectral method approach},
  author={Xiu, D.},
  year={2010},
  publisher={Princeton University Press}
}

@phdthesis{parno2015transport,
  title={Transport maps for accelerated Bayesian computation},
  author={Parno, M.},
  year={2015},
  school={Massachusetts Institute of Technology}
}

@phdthesis{spantini2017inference,
  title={On the low-dimensional structure of Bayesian inference},
  author={Spantini, A.},
  year={2017},
  school={Massachusetts Institute of Technology}
}

@article{hastie2005elements,
  title={The elements of statistical learning: data mining, inference and prediction},
  author={Hastie, Trevor and Tibshirani, Robert and Friedman, Jerome and Franklin, James},
  journal={The Mathematical Intelligencer},
  volume={27},
  number={2},
  pages={83--85},
  year={2005},
  publisher={Springer}
}

@book{jaynes2003probability,
  title={Probability theory: the logic of science},
  author={Jaynes, Edwin T},
  year={2003},
  publisher={Cambridge university press}
}

@misc{bernardo2001bayesian,
  title={Bayesian theory},
  author={Bernardo, Jos{\'e} M and Smith, Adrian FM},
  year={2001},
  publisher={IOP Publishing}
}

@book{robert2007bayesian,
  title={The Bayesian choice: from decision-theoretic foundations to computational implementation},
  author={Robert, Christian},
  year={2007},
  publisher={Springer Science \& Business Media}
}

@book{berger2013statistical,
  title={Statistical decision theory and Bayesian analysis},
  author={Berger, James O},
  year={2013},
  publisher={Springer Science \& Business Media}
}

@article{wainwright2008graphical,
  title={Graphical models, exponential families, and variational inference},
  author={Wainwright, Martin J and Jordan, Michael I},
  journal={Foundations and Trends{\textregistered} in Machine Learning},
  volume={1},
  number={1-2},
  pages={1--305},
  year={2008},
  publisher={Now Publishers Inc.}
}

@book{brooks2011handbook,
  title={Handbook of Markov Chain Monte Carlo},
  author={Brooks, Steve and Gelman, Andrew and Jones, Galin and Meng, Xiao-Li},
  year={2011},
  publisher={CRC press}
}

@article{kleywegt2002sample,
  title={The sample average approximation method for stochastic discrete optimization},
  author={Kleywegt, A. J. and Shapiro, A. and Homem-de-Mello, T.},
  journal={SIAM Journal on Optimization},
  volume={12},
  number={2},
  pages={479--502},
  year={2002},
  publisher={SIAM}
}

@book{kushner2003stochastic,
  title={Stochastic approximation and recursive algorithms and applications},
  author={Kushner, H. and Yin, G. G.},
  volume={35},
  year={2003},
  publisher={Springer Science \& Business Media}
}

@InCollection{marzouk2016introduction,
  title   = {Sampling via Measure Transport: An Introduction},
  author  = {Marzouk, Y. and Moselhy, T. and Parno, M. and Spantini, A},
  booktitle = {Handbook of Uncertainty Quantification, R. Ghanem, D. Higdon, and H. Owhadi, editors},
  publisher = {Springer},
  year    = {2016},
}


@article{haber2010efficient,
  title={An efficient numerical method for the solution of the L\_2 optimal mass transfer problem},
  author={Haber, Eldad and Rehman, Tauseef and Tannenbaum, Allen},
  journal={SIAM Journal on Scientific Computing},
  volume={32},
  number={1},
  pages={197--211},
  year={2010},
  publisher={SIAM}
}

@article{girolami2011riemann,
  title={Riemann manifold langevin and hamiltonian monte carlo methods},
  author={Girolami, Mark and Calderhead, Ben},
  journal={Journal of the Royal Statistical Society: Series B (Statistical Methodology)},
  volume={73},
  number={2},
  pages={123--214},
  year={2011},
  publisher={Wiley Online Library}
}

@article{peskun1973optimum,
  title={Optimum monte-carlo sampling using markov chains},
  author={Peskun, Peter H},
  journal={Biometrika},
  volume={60},
  number={3},
  pages={607--612},
  year={1973},
  publisher={Biometrika Trust}
}

@article{metropolis1953equation,
  title={Equation of state calculations by fast computing machines},
  author={Metropolis, Nicholas and Rosenbluth, Arianna W and Rosenbluth, Marshall N and Teller, Augusta H and Teller, Edward},
  journal={The journal of chemical physics},
  volume={21},
  number={6},
  pages={1087--1092},
  year={1953},
  publisher={AIP Publishing}
}

@article{chorin2016sampling,
  title={SAMPLING, FEASIBILITY, AND PRIORS IN DATA ASSIMILATION},
  author={Chorin, Alexandre J and Lu, Fei and Miller, Robert N and Morzfeld, Matthias and Tu, Xuemin},
  journal={DYNAMICAL SYSTEMS},
  volume={36},
  number={8},
  year={2016}
}

@article{schillings2014scaling,
  title={Scaling limits in computational {B}ayesian inversion},
  author={Schillings, C. and Schwab, C.},
  journal={ESAIM: Mathematical Modelling and Numerical Analysis},
  volume={50},
  number={6},
  pages={1825--1856},
  year={2016},
  publisher={EDP Sciences}
}

@book{smith2013sequential,
  title={Sequential Monte Carlo methods in practice},
  author={Smith, A. and Doucet, A. and de Freitas, N. and Gordon, N.},
  year={2013},
  publisher={Springer Science \& Business Media}
}

@article{dick2013high,
  title={High-dimensional integration: the {Q}uasi-{M}onte {C}arlo way},
  author={Dick, J. and Kuo, F. Y. and Sloan, I. H.},
  journal={Acta Numerica},
  volume={22},
  pages={133--288},
  year={2013},
  publisher={Cambridge Univ Press}
}

@book{davis2007methods,
  title={Methods of numerical integration},
  author={Davis, P. J. and Rabinowitz, P.},
  year={2007},
  publisher={Courier Corporation}
}

@article{chan1994discussion,
  title={Discussion: Markov chains for exploring posterior distributions},
  author={Chan, Kung Sik and Geyer, Charles J},
  journal={The Annals of Statistics},
  volume={22},
  number={4},
  pages={1747--1758},
  year={1994},
  publisher={JSTOR}
}

@article{roberts2002langevin,
  title={Langevin diffusions and Metropolis-Hastings algorithms},
  author={Roberts, Gareth O and Stramer, Osnat},
  journal={Methodology and computing in applied probability},
  volume={4},
  number={4},
  pages={337--357},
  year={2002},
  publisher={Springer}
}

@article{hairer2010convergence,
  title={Convergence of Markov processes},
  author={Hairer, Martin},
  journal={lecture notes},
  year={2010}
}

@book{bogachev2007measure,
  title={Measure Theory},
  author={Bogachev, Vladimir I},
  volume={1},
  year={2007},
  publisher={Springer Science \& Business Media}
}

@book{billingsley2008probability,
  title={Probability and measure},
  author={Billingsley, P.},
  year={2008},
  publisher={John Wiley \& Sons}
}

@article{mccann1995existence,
  title={Existence and uniqueness of monotone measure-preserving maps},
  author={McCann, Robert J and others},
  journal={Duke Mathematical Journal},
  volume={80},
  number={2},
  pages={309--324},
  year={1995},
  publisher={Durham, NC: Duke University Press, 1935-}
}

@book{robert2013monte,
  title={Monte Carlo statistical methods},
  author={Robert, C. and Casella, G.},
  year={2013},
  publisher={Springer Science \& Business Media}
}


@article{kantorovich1940extremal,
  title={On an effective method of solving certain classes of extremal problems},
  author={Kantorovich, Leonid},
  journal={Dokl. Akad. Nauk. USSR},
  volume={28},
  pages={212--215},
  year={1940},
}

@article{kantorovich1958translocation,
  title={On the translocation of masses},
  author={Kantorovich, Leonid},
  journal={Management Science},
  volume={5},
  number={1},
  pages={1--4},
  year={1958},
  publisher={INFORMS}
}

@book{cullen2006mathematical,
  title={A mathematical theory of large-scale atmosphere/ocean flow},
  author={Cullen, Michael JP},
  year={2006},
  publisher={World Scientific}
}

@inproceedings{douglas1999applications,
  title={Applications of the {M}onge-{A}mpere equation and {M}onge transport problem to meteorology and oceanography},
  author={Douglas, R. J.},
  booktitle={Monge Amp{\`e}re Equation: Applications to Geometry and Optimization},
  volume={226},
  pages={33},
  year={1999},
  organization={American Mathematical Soc.}
}

@article{brenier1991polar,
  title={Polar factorization and monotone rearrangement of vector-valued functions},
  author={Brenier, Yann},
  journal={Communications on pure and applied mathematics},
  volume={44},
  number={4},
  pages={375--417},
  year={1991},
  publisher={Wiley Online Library}
}

@book{kantorovich1965best,
  title={The best use of economic resources.},
  author={Kantorovich, L. V.},
  journal={The best use of economic resources.},
  year={1965},
  publisher={Oxford \& London: Pergamon Press.}
}

@inproceedings{bui2012extreme,
  title={Extreme-scale {UQ} for {B}ayesian inverse problems governed by {PDE}s},
  author={Bui-Than, T. and Burstedde, C. and Ghattas, O. and Martin, J. and Stadler, G. and Wilcox, L.},
  booktitle={Proceedings of the International Conference on High Performance Computing, Networking, Storage and Analysis},
  pages={3},
  year={2012},
  organization={IEEE Computer Society Press}
}

@incollection{forstner2003metric,
  title={A metric for covariance matrices},
  author={F{\"o}rstner, W. and Moonen, B.},
  booktitle={Geodesy-The Challenge of the 3rd Millennium},
  pages={299--309},
  year={2003},
  publisher={Springer}
}

@article{halko2011finding,
  title={Finding structure with randomness: {P}robabilistic algorithms for constructing approximate matrix decompositions},
  author={Halko, N. and Martinsson, P. and Tropp, J.A.},
  journal={{SIAM} {R}eview},
  volume={53},
  number={2},
  pages={217--288},
  year={2011},
  publisher={SIAM}
}

@article{hua1998generalized,
  title={Generalized {K}arhunen-{L}o\`eve transform},
  author={Hua, Y. and Liu, W.},
  journal={{IEEE} Signal Processing Letters},
  volume={5},
  number={6},
  pages={141--142},
  year={1998},
  publisher={IEEE}
}

@article{friedland2007generalized,
  title={Generalized rank-constrained matrix approximations},
  author={Friedland, S. and Torokhti, A.},
  journal={{SIAM} Journal on Matrix Analysis and Applications},
  volume={29},
  number={2},
  pages={656--659},
  year={2007},
  publisher={SIAM}
}

@book{golub2012matrix,
  title={Matrix Computations},
  author={Golub, G.H. and Van Loan, C.F.},
  volume={3},
  year={2012},
  publisher={JHU Press}
}

@article{martin2012stochastic,
  title={A stochastic {N}ewton {MCMC} method for large-scale statistical inverse problems with application to seismic inversion},
  author={Martin, J. and Wilcox, L. and Burstedde, C. and Ghattas, O.},
  journal={{SIAM} Journal on Scientific Computing},
  volume={34},
  number={3},
  pages={A1460--A1487},
  year={2012},
  publisher={SIAM}
}

@article{lewis1996derivatives,
  title={Derivatives of spectral functions},
  author={Lewis, A.S.},
  journal={Mathematics of Operations Research},
  volume={21},
  number={3},
  pages={576--588},
  year={1996},
  publisher={INFORMS}
}

@book{lehmann1998theory,
  title={Theory of Point Estimation},
  author={Lehmann, E.L. and Casella, G.},
  year={1998},
  publisher={Springer-Verlag}
}

@inproceedings{james1961estimation,
  title={Estimation with quadratic loss},
  author={James, W. and Stein, C.},
  booktitle={Proceedings of the {F}ourth {B}erkeley {S}ymposium on {M}athematical {S}tatistics and {P}robability},
  volume={1},
  pages={361--379},
  year={1961}
}

@article{lindley1972bayes,
  title={Bayes estimates for the linear model},
  author={Lindley, D.V. and Smith, A.F.M.},
  journal={Journal of the Royal Statistical Society. Series B},
  pages={1--41},
  year={1972}
}

}

@book{carlin2009bayesian,
  title={Bayesian Methods for Data Analysis},
  author={Carlin, B.P. and Louis, T.A.},
  year={2009},
  Edition = {3rd},
  publisher={Chapman \& Hall/CRC}
}

@book{christensen1987plane,
  title={Plane Answers to Complex Questions: The Theory of Linear Models},
  author={Christensen, R.A.},
  year={1987},
  publisher={Springer-Verlag}
}

@book{pardo2005statistical,
  title={Statistical Inference Based on Divergence Measures},
  author={Pardo, L.},
  year={2005},
  publisher={CRC Press}
}

@article{bui2012analysis,
  title={Analysis of the {H}essian for inverse scattering problems:{ I}. {I}nverse shape scattering of acoustic waves},
  author={Bui-Thanh, T. and Ghattas, O.},
  journal={Inverse Problems},
  volume={28},
  number={5},
  pages={055001},
  year={2012},
  publisher={IOP Publishing}
}

@article{bui2013computational,
  title={A computational framework for infinite-dimensional {B}ayesian inverse problems Part {I}: {T}he linearized case, with application to global seismic inversion},
  author={Bui-Thanh, T. and Ghattas, O. and Martin, J. and Stadler, G.},
  journal={{SIAM} Journal on Scientific Computing},
  volume={35},
  number={6},
  pages={A2494--A2523},
  year={2013},
  publisher={SIAM}
}

@article{marzouk2009dimensionality,
  title={Dimensionality reduction and polynomial chaos acceleration of {B}ayesian inference in inverse problems},
  author={Marzouk, Y. and Najm, H.N.},
  journal={Journal of Computational Physics},
  volume={228},
  number={6},
  pages={1862--1902},
  year={2009},
  publisher={Elsevier}
}

@article{lieberman2013hessian,
  title={Hessian-based model reduction: large-scale inversion and prediction},
  author={Lieberman, C. and Fidkowski, K. and Willcox, K. and van Bloemen Waanders, B.},
  journal={International Journal for Numerical Methods in Fluids},
  volume={71},
  number={2},
  pages={135--150},
  year={2013},
  publisher={Wiley Online Library}
}

@article{akccelik2006parallel,
  title={Parallel algorithms for {PDE}-constrained optimization},
  author={Ak{\c{c}}elik, V. and Biros, G. and Ghattas, O. and Hill, J. and Keyes, D. and van Bloemen Waanders, B.},
  journal={Parallel Processing for Scientific Computing},
  volume={20},
  pages={291},
  year={2006},
  publisher={SIAM}
}

@article{flath2011fast,
  title={Fast algorithms for {B}ayesian uncertainty quantification in large-scale linear inverse problems based on low-rank partial 
{H}essian approximations},
  author={Flath, H.P. and Wilcox, L. and Ak{\c{c}}elik, V. and Hill, J. and van Bloemen Waanders, B. and Ghattas, O.},
  journal={{SIAM} Journal on Scientific Computing},
  volume={33},
  number={1},
  pages={407--432},
  year={2011},
  publisher={SIAM}
}

@article{bashir2008hessian,
  title={Hessian-based model reduction for large-scale systems with initial-condition inputs},
  author={Bashir, O. and Willcox, K. and Ghattas, O. and van Bloemen Waanders, B. and Hill, J.},
  journal={International journal for numerical methods in engineering},
  volume={73},
  number={6},
  pages={844--868},
  year={2008},
  publisher={Wiley Online Library}
}

@article{cui2014likelihood,
  title = 	 {Likelihood-informed dimension reduction for nonlinear inverse problems},
  author={Cui, T. and Martin, J. and Marzouk, Y. and Solonen, A. and Spantini, A.},
  year = 	 {2014},
  journal = 	 {Inverse Problems},
  volume =       {30},
  pages = {114015},
  number = {11}
}

@article{bui2012adaptive,
  title={Adaptive {H}essian-based nonstationary {G}aussian process response surface method for probability density approximation with application to {B}ayesian solution of large-scale inverse problems},
  author={Bui-Thanh, T. and Ghattas, O. and Higdon, D.},
  journal={{SIAM} Journal on Scientific Computing},
  volume={34},
  number={6},
  pages={A2837--A2871},
  year={2012},
  publisher={SIAM}
}

@article{frangos2010surrogate,
  title={Surrogate and reduced-order modeling: A comparison of approaches for large-scale statistical inverse problems},
  author={Frangos, M. and Marzouk, Y. and Willcox, K. and van Bloemen Waanders, B.},
  journal={Large-Scale Inverse Problems and Quantification of Uncertainty},
  pages={123--149},
  year={2010},
  publisher={Wiley}
}

@article{lieberman2010parameter,
  title={Parameter and state model reduction for large-scale statistical inverse problems},
  author={Lieberman, C. and Willcox, K. and Ghattas, O.},
  journal={{SIAM} Journal on Scientific Computing},
  volume={32},
  number={5},
  pages={2523--2542},
  year={2010},
  publisher={SIAM}
}

@book{lanczos1950iteration,
  title={An iteration method for the solution of the eigenvalue problem of linear differential and integral operators},
  author={Lanczos, C.},
  year={1950},
  publisher={United States Governm. Press Office}
}

@article{stuart2010inverse,
  title={Inverse problems: a {B}ayesian perspective},
  author={Stuart, A. M.},
  journal={Acta Numerica},
  volume={19},
  pages={451--559},
  year={2010},
  publisher={Cambridge University Press}
}

@article{stewart1980,
  title={The efficient generation of random orthogonal matrices with an application to condition estimators},
  author={Stewart, G.W.},
  journal={{SIAM} {J}ournal on {N}umerical {A}nalysis},
  volume={17},
  pages={403--409},
  year={1980},
  publisher={SIAM}
}

@MastersThesis{Heikkinen2008,
    title     =     {Statistical Inversion Theory in {X}-ray Tomography},
    author     =     {Heikkinen, J.},
    school     =     {Lappeenranta University of Technology},
    address     =     {Finland},
    year     =     {2008}
    }


@article{chung2014efficient,
  title={An Efficient Approach for Computing Optimal Low-Rank Regularized Inverse Matrices},
  author={Chung, J. and Chung, M.},
  journal={Inverse Problems},
  volume={30},
  number={11},
  pages={114009},
  year={2014},
}

@article{chung2014optimal,
title = {Optimal regularized low rank inverse approximation},
journal = {Linear Algebra and its Applications },
volume = {468},
pages = {260 - 269},
year = {2015},
author = {Chung, J. and Chung, M. and  O'Leary, D. P.},
}

@Article{Li:2006,
  author = 	 {Li, W. and Cirpka, O. A.},
  title = 	 {Efficient geostatistical inverse methods for structured and unstructured grids},
  journal = 	 {Water Resources Research},
  year = 	 {2006},
  volume = 	 {42},
  pages = 	 {W06402}
}

@article{CLM_2014,
  author = {Cui, T. and Law, K.J.H. and Marzouk, Y.},
  title = {Dimension-independent likelihood-informed {MCMC}},
  journal = {arXiv:1411.3688},
  year = {2014},
  OPTpages = {TBA},
}

@article{auvinen2009large,
  title={Large-scale {K}alman filtering using the limited memory {BFGS} method},
  author={Auvinen, H. and Bardsley, J. M. and Haario, H. and Kauranne, T.},
  journal={Electronic Transactions on Numerical Analysis},
  volume={35},
  pages={217--233},
  year={2009}
}

@article{auvinen2010variational,
  title={The variational {K}alman filter and an efficient implementation using limited memory {BFGS}},
  author={Auvinen, H. and Bardsley, J. M. and Haario, H. and Kauranne, T.},
  journal={International Journal for Numerical Methods in Fluids},
  volume={64},
  number={3},
  pages={314--335},
  year={2010},
  publisher={Wiley Online Library}
}

@article{solonen2012variational,
  title={Variational ensemble {K}alman filtering using limited memory {BFGS}},
  author={Solonen, A. and Haario, H. and Hakkarainen, J. and Auvinen, H. and Amour, I. and Kauranne, T.},
  journal={Electronic Transactions on Numerical Analysis},
  volume={39},
  pages={271--285},
  year={2012}
}

@article{paige1982algorithm,
  title={Algorithm 583: {LSQR}: Sparse linear equations and least squares problems},
  author={Paige, C. C. and Saunders, M. A.},
  journal={ACM Transactions on Mathematical Software (TOMS)},
  volume={8},
  number={2},
  pages={195--209},
  year={1982},
  publisher={ACM}
}

@article{meng2014lsrn,
  title={{LSRN}: A parallel iterative solver for strongly over-or underdetermined systems},
  author={Meng, X. and Saunders, M. A. and Mahoney, M. W.},
  journal={SIAM Journal on Scientific Computing},
  volume={36},
  number={2},
  pages={C95--C118},
  year={2014},
  publisher={SIAM}
}

@book{hestenes1952methods,
  title={Methods of conjugate gradients for solving linear systems},
  author={Hestenes, M. R. and Stiefel, E.},
  volume={49},
  year={1952},
  publisher={National Bureau of Standards Washington, DC}
}

@article{hestenes1975pseudoinversus,
  title={Pseudoinversus and conjugate gradients},
  author={Hestenes, M. R.},
  journal={Communications of the ACM},
  volume={18},
  number={1},
  pages={40--43},
  year={1975},
  publisher={ACM}
}

@book{barrett1994templates,
  title={Templates for the Solution of Linear Systems: Building Blocks for Iterative Methods},
  author={Barrett, R. and Berry, M. W. and Chan, T. F. and Demmel, J. and Donato, J. and Dongarra, J. and Eijkhout, V. and Pozo, R. and Romine, C. and Van der Vorst, H.},
  volume={43},
  year={1994},
  publisher={SIAM}
}

@article{calvetti2002regularizing,
  title={On the regularizing properties of the GMRES method},
  author={Calvetti, D. and Lewis, B. and Reichel, L.},
  journal={Numerische Mathematik},
  volume={91},
  number={4},
  pages={605--625},
  year={2002},
  publisher={Springer}
}

@article{calvetti2005priorconditioners,
  title={Priorconditioners for linear systems},
  author={Calvetti, D. and Somersalo, E.},
  journal={Inverse problems},
  volume={21},
  number={4},
  pages={1397},
  year={2005},
  publisher={IOP Publishing}
}

@article{calvetti2007preconditioned,
  title={Preconditioned iterative methods for linear discrete ill-posed problems from a {B}ayesian inversion perspective},
  author={Calvetti, D.},
  journal={Journal of computational and applied mathematics},
  volume={198},
  number={2},
  pages={378--395},
  year={2007},
  publisher={Elsevier}
}

@article{homa2013bayesian,
  title={Bayesian Preconditioned {CGLS} for Source Separation in {MEG} Time Series},
  author={Homa, L. and Calvetti, D. and Hoover, A. and Somersalo, E.},
  journal={SIAM Journal on Scientific Computing},
  volume={35},
  number={3},
  pages={B778--B798},
  year={2013},
  publisher={SIAM}
}

@article{calvetti2012left,
  title={Left and right preconditioning for electrical impedance tomography with structural information},
  author={Calvetti, D. and McGivney, D. and Somersalo, E.},
  journal={Inverse Problems},
  volume={28},
  number={5},
  pages={055015},
  year={2012},
  publisher={IOP Publishing}
}

@article{van1976generalizing,
  title={Generalizing the singular value decomposition},
  author={Van Loan, C. F.},
  journal={SIAM Journal on Numerical Analysis},
  volume={13},
  number={1},
  pages={76--83},
  year={1976},
  publisher={SIAM}
}

@article{paige1981towards,
  title={Towards a generalized singular value decomposition},
  author={Paige, C. C. and Saunders, M. A.},
  journal={SIAM Journal on Numerical Analysis},
  volume={18},
  number={3},
  pages={398--405},
  year={1981},
  publisher={SIAM}
}

@article{hansen1989regularization,
  title={Regularization, {GSVD} and truncated {GSVD}},
  author={Hansen, P. C.},
  journal={BIT Numerical Mathematics},
  volume={29},
  number={3},
  pages={491--504},
  year={1989},
  publisher={Springer}
}

@article{hanke1993regularization,
  title={Regularization methods for large-scale problems},
  author={Hanke, M. and Hansen, P. C.},
  journal={Surv. Math. Ind},
  volume={3},
  number={4},
  pages={253--315},
  year={1993}
}

@book{hansen1998rank,
  title={Rank-Deficient and Discrete Ill-Posed Problems: Numerical Aspects of Linear Inversion},
  author={Hansen, P. C.},
  volume={4},
  year={1998},
  publisher={SIAM}
}

@book{hanke1995conjugate,
  title={Conjugate gradient type methods for ill-posed problems},
  author={Hanke, M.},
  volume={327},
  year={1995},
  publisher={CRC Press}
}

@article{dykes2014simplified,
  title={Simplified GSVD computations for the solution of linear discrete ill-posed problems},
  author={Dykes, L. and Reichel, L.},
  journal={Journal of Computational and Applied Mathematics},
  volume={255},
  pages={15--27},
  year={2014},
  publisher={Elsevier}
}

@book{kaipio2005statistical,
  title={Statistical and Computational Inverse Problems},
  author={Kaipio, J. and Somersalo, E.},
  volume={160},
  year={2005},
  publisher={Springer}
}

@article{eckart1936approximation,
  title={The approximation of one matrix by another of lower rank},
  author={Eckart, C. and Young, G.},
  journal={Psychometrika},
  volume={1},
  number={3},
  pages={211--218},
  year={1936},
  publisher={Springer}
}

@book{bai2000templates,
  title={Templates for the Solution of Algebraic Eigenvalue Problems: A Practical Guide},
  author={Bai, Z. and Demmel, J. and Dongarra, J. and Ruhe, A. and van der Vorst, H.},
  volume={11},
  year={2000},
  publisher={SIAM}
}

@article{sameh1982trace,
  title={A trace minimization algorithm for the generalized eigenvalue problem},
  author={Sameh, A. H. and Wisniewski, J. A.},
  journal={SIAM Journal on Numerical Analysis},
  volume={19},
  number={6},
  pages={1243--1259},
  year={1982},
  publisher={SIAM}
}

@article{sameh1scalable,
  title={A Scalable Parallel Symmetric Eigenvalue Problem Solver: TraceMIN},
  author={Sameh$^1$, Ahmed H and Klinvex, Alicia}
}

@article{golub2002inverse,
  title={An inverse free preconditioned Krylov subspace method for symmetric generalized eigenvalue problems},
  author={Golub, G. H. and Ye, Q.},
  journal={SIAM Journal on Scientific Computing},
  volume={24},
  number={1},
  pages={312--334},
  year={2002},
  publisher={SIAM}
}

@book{lehoucq1998arpack,
  title={ARPACK users' guide: solution of large-scale eigenvalue problems with implicitly restarted Arnoldi methods},
  author={Lehoucq, R. B. and Sorensen, D. C. and Yang, C.},
  volume={6},
  year={1998},
  publisher={Siam}
}

@inproceedings{tikhonov1963solution,
  title={Solution of incorrectly formulated problems and the regularization method},
  author={Tikhonov, A.},
  booktitle={Soviet Math. Dokl.},
  volume={5},
  pages={1035--1038},
  year={1963}
}

@book{evensen2007data,
  title={Data Assimilation},
  author={Evensen, G.},
  year={2007},
  publisher={Springer}
}

@article{kalman1960new,
  title={A new approach to linear filtering and prediction problems},
  author={Kalman, R. E.},
  journal={Journal of Fluids Engineering},
  volume={82},
  number={1},
  pages={35--45},
  year={1960},
  publisher={American Society of Mechanical Engineers}
}

@article{liu1989limited,
  title={On the limited memory {BFGS} method for large scale optimization},
  author={Liu, D. C. and Nocedal, J.},
  journal={Mathematical programming},
  volume={45},
  number={1-3},
  pages={503--528},
  year={1989},
  publisher={Springer}
}

@article{nocedal1980updating,
  title={Updating quasi-{N}ewton matrices with limited storage},
  author={Nocedal, J.},
  journal={Mathematics of computation},
  volume={35},
  number={151},
  pages={773--782},
  year={1980}
}

@book{wright1999numerical,
  title={Numerical Optimization},
  author={Wright, S. J. and Nocedal, J.},
  volume={2},
  year={1999},
  publisher={Springer New York}
}

@article{Moore1920,
    author = {Moore, E. H.},
    citeulike-article-id = {1370193},
    day = {1920},
    journal = {Bulletin of the American Mathematical Society},
    keywords = {pseudoinverse},
    pages = {394--395},
    posted-at = {2007-06-07 13:19:52},
    priority = {2},
    title = {{On the reciprocal of the general algebraic matrix}},
    volume = {26}
}

@inproceedings{penrose1955generalized,
  title={A generalized inverse for matrices},
  author={Penrose, R.},
  booktitle={Mathematical {P}roceedings of the {C}ambridge {P}hilosophical {S}ociety},
  volume={51},
  number={03},
  pages={406--413},
  year={1955},
  organization={Cambridge Univ Press}
}

@article{wood1994simulation,
  title={Simulation of stationary {G}aussian processes in $[0, 1]$d},
  author={Wood, A. T. A. and Chan, G.},
  journal={Journal of computational and graphical statistics},
  volume={3},
  number={4},
  pages={409--432},
  year={1994},
  publisher={Taylor \& Francis Group}
}

@article{dietrich1997fast,
  title={Fast and exact simulation of stationary Gaussian processes through circulant embedding of the covariance matrix},
  author={Dietrich, C. R. and Newsam, G. N.},
  journal={SIAM Journal on Scientific Computing},
  volume={18},
  number={4},
  pages={1088--1107},
  year={1997},
  publisher={SIAM}
}

@article{rue2009approximate,
  title={Approximate {B}ayesian inference for latent {G}aussian models by using integrated nested {L}aplace approximations},
  author={Rue, H. and Martino, S. and Chopin, N.},
  journal={Journal of the Royal Statistical Society: Series B},
  volume={71},
  number={2},
  pages={319--392},
  year={2009},
  publisher={Wiley Online Library}
}

@article{Moller1998,
abstract = {Planar Cox processes directed by a log Gaussian intensity process are investigated in the univariate and multivariate cases. The appealing properties of such models are demonstrated theoretically as well as through data examples and simulations. In particular, the first, second and third-order properties are studied and utilized in the statistical analysis of clustered point patterns. Also empirical Bayesian inference for the underlying intensity surface is considered.},
author = {M{\o}ller, Jesper and Syversveen, Anne Randi and Waagepetersen, Rasmus},
doi = {10.1111/1467-9469.00115},
file = {:home/dabi/Documents/Mendeley-sunfire/M{\o}ller, Syversveen, Waagepetersen/Scandinavian Journal of Statistics/1998 - Log Gaussian Cox Processes.pdf:pdf},
isbn = {03036898},
issn = {1467-9469},
journal = {Scandinavian Journal of Statistics},
keywords = {adjusted langevin algorithm,correlation function,empirical bayesian inference,ergodicity,markov chain monte carlo,metropolis-,multivariate cox processes,neyman,pair,parameter estimation,scott processes,spatial point processes,third-order properties},
number = {3},
pages = {451--482},
title = {{Log Gaussian Cox Processes}},
volume = {25},
year = {1998}
}

@article{Christensen2005,
abstract = {The paper considers high dimensional Metropolis and Langevin algorithms in their initial transient phase. In stationarity, these algorithms are well understood and it is now well known how to scale their proposal distribution variances. For the random-walk Metropolis algo-rithm, convergence during the transient phase is extremely regular—to the extent that the algo-rithm's sample path actually resembles a deterministic trajectory. In contrast, the Langevin algorithm with variance scaled to be optimal for stationarity performs rather erratically. We give weak convergence results which explain both of these types of behaviour and practical guidance on implementation based on our theory.},
author = {Christensen, Ole F. and Roberts, Gareth O. and Rosenthal, Jeffrey S.},
doi = {10.1111/j.1467-9868.2005.00500.x},
file = {:home/dabi/Documents/Mendeley-sunfire/Christensen, Roberts, Rosenthal/Journal of the Royal Statistical Society. Series B Statistical Methodology/2005 - Scaling limits for the transient phase of local Metropolis-Hastings algorithms.pdf:pdf},
isbn = {1467-9868},
issn = {13697412},
journal = {Journal of the Royal Statistical Society. Series B: Statistical Methodology},
keywords = {Markov chain Monte Carlo methods,Metropolis-hastings algorithm,Transient phase,Weak convergence},
number = {2},
pages = {253--268},
title = {{Scaling limits for the transient phase of local Metropolis-Hastings algorithms}},
volume = {67},
year = {2005}
}

@article{lindgren2011explicit,
  title={An explicit link between {G}aussian fields and {G}aussian {M}arkov random fields: the stochastic partial differential 
equation approach},
  author={Lindgren, F. and Rue, H. and Lindstr{\"o}m, J.},
  journal={Journal of the Royal Statistical Society: Series B},
  volume={73},
  pages={423--498},
  year={2011},
  publisher={Wiley Online Library}
}

@article{yue2010nonstationary,
  title={Nonstationary spatial {G}aussian {M}arkov random fields},
  author={Yue, Y. and Speckman, P. L.},
  journal={Journal of Computational and Graphical Statistics},
  volume={19},
  number={1},
  year={2010}
}

@article{spantini2014optimal,
  title={Optimal low-rank approximations of {B}ayesian linear inverse problems},
  author={Spantini, A. and Solonen, A. and Cui, T. and Martin, J. and Tenorio, L. and Marzouk, Y.},
  journal={SIAM Journal on Scientific Computing},
  volume={37},
  number={6},
  pages={A2451--A2487},
  year={2015},
  publisher={SIAM}
}

@article{lieberman2012goal,
  title={Goal-Oriented Inference: Approach, Linear Theory, and Application to Advection Diffusion},
  author={Lieberman, Chad and Willcox, Karen},
  journal={SIAM Journal on Scientific Computing},
  volume={34},
  number={4},
  pages={A1880--A1904},
  year={2012},
  publisher={SIAM}
}

@article{lieberman2014nonlinear,
  title={Nonlinear Goal-Oriented Bayesian Inference: Application to Carbon Capture and Storage},
  author={Lieberman, Chad and Willcox, Karen},
  journal={SIAM Journal on Scientific Computing},
  volume={36},
  number={3},
  pages={B427--B449},
  year={2014},
  publisher={SIAM}
}

@article{isaac2014scalable,
  title={Scalable and efficient algorithms for the propagation of uncertainty from data through inference to prediction for large-scale problems, with application to flow of the Antarctic ice sheet},
  author={Isaac, Tobin and Petra, Noemi and Stadler, Georg and Ghattas, Omar},
  journal={arXiv preprint arXiv:1410.1221},
  year={2014}
}

@article{liberty2007randomized,
  title={Randomized algorithms for the low-rank approximation of matrices},
  author={Liberty, Edo and Woolfe, Franco and Martinsson, Per-Gunnar and Rokhlin, Vladimir and Tygert, Mark},
  journal={Proceedings of the National Academy of Sciences},
  volume={104},
  number={51},
  pages={20167--20172},
  year={2007},
  publisher={National Acad Sciences}
}

@article{saibaba2013randomized,
  title={Randomized square-root free algorithms for generalized hermitian eigenvalue problems},
  author={Saibaba, Arvind K and Kitanidis, Peter K},
  journal={arXiv preprint arXiv:1307.6885},
  year={2013}
}
@article{absil2006truncated,
  title={A truncated-CG style method for symmetric generalized eigenvalue problems},
  author={Absil, P-A and Baker, CG and Gallivan, KA},
  journal={Journal of computational and applied mathematics},
  volume={189},
  number={1},
  pages={274--285},
  year={2006},
  publisher={Elsevier}
}

@incollection{baker2006implicit,
  title={An implicit Riemannian trust-region method for the symmetric generalized eigenproblem},
  author={Baker, CG and Absil, P-A and Gallivan, Kyle A},
  booktitle={Computational Science--ICCS 2006},
  pages={210--217},
  year={2006},
  publisher={Springer}
}

@incollection{absil2005adaptive,
  title={Adaptive model trust region methods for generalized eigenvalue problems},
  author={Absil, P-A and Baker, Christopher G and Gallivan, Kyle A and Sameh, Ahmed},
  booktitle={Computational Science--ICCS 2005},
  pages={33--41},
  year={2005},
  publisher={Springer}
}

@article{elden1982weighted,
  title={A weighted pseudoinverse, generalized singular values, and constrained least squares problems},
  author={Eld{\'e}n, Lars},
  journal={BIT Numerical Mathematics},
  volume={22},
  number={4},
  pages={487--502},
  year={1982},
  publisher={Springer}
}


@article{constantine2014active,
  title={Active subspace methods in theory and practice: Applications to kriging surfaces},
  author={Constantine, P. G. and Dow, E. and Wang, Q.},
  journal={SIAM Journal on Scientific Computing},
  volume={36},
  number={4},
  pages={A1500--A1524},
  year={2014},
  publisher={SIAM}
} 

@article{petersen2008matrix,
  title={The matrix cookbook},
  author={Petersen, Kaare Brandt and Pedersen, Michael Syskind and others},
  journal={Technical University of Denmark},
  volume={7},
  pages={15},
  year={2008}
}

@article{rosenblatt1952remarks,
  title={Remarks on a multivariate transformation},
  author={Rosenblatt, M.},
  journal={The Annals of Mathematical Statistics},
  pages={470--472},
  year={1952},
  publisher={JSTOR}
}

@book{villani2008optimal,
  title={Optimal transport: old and new},
  author={Villani, C.},
  volume={338},
  year={2008},
  publisher={Springer Science \& Business Media}
}

@book{koller2009probabilistic,
  title={Probabilistic graphical models: principles and techniques},
  author={Koller, D. and Friedman, N.},
  year={2009},
  publisher={MIT press}
}

@article{fishelson2004optimizing,
  title={Optimizing exact genetic linkage computations},
  author={Fishelson, Ma{\'a}yan and Geiger, Dan},
  journal={Journal of Computational Biology},
  volume={11},
  number={2-3},
  pages={263--275},
  year={2004},
  publisher={Mary Ann Liebert, Inc.}
}

@article{amestoy1996approximate,
  title={An approximate minimum degree ordering algorithm},
  author={Amestoy, Patrick R and Davis, Timothy A and Duff, Iain S},
  journal={SIAM Journal on Matrix Analysis and Applications},
  volume={17},
  number={4},
  pages={886--905},
  year={1996},
  publisher={SIAM}
}
@article{george1989evolution,
  title={The evolution of the minimum degree ordering algorithm},
  author={George, A. and Liu, J. W. H.},
  journal={SIAM Review},
  volume={31},
  number={1},
  pages={1--19},
  year={1989},
  publisher={SIAM}
}

@techreport{heggernes2001computational,
  title={The computational complexity of the minimum degree algorithm},
  author={Heggernes, Pinar and Eisestat, SC and Kumfert, Gary and Pothen, Alex},
  year={2001},
  institution={DTIC Document}
}

@article{yannakakis1981computing,
  title={Computing the minimum fill-in is {NP}-complete},
  author={Yannakakis, M.},
  journal={SIAM Journal on Algebraic Discrete Methods},
  volume={2},
  number={1},
  pages={77--79},
  year={1981},
  publisher={SIAM}
}

@article{samarov1993exploring,
  title={Exploring regression structure using nonparametric functional estimation},
  author={Samarov, A. M.},
  journal={Journal of the American Statistical Association},
  volume={88},
  number={423},
  pages={836--847},
  year={1993},
  publisher={Taylor \& Francis Group}
}

@article{parno2014transport,
  title={Transport map accelerated {M}arkov chain {M}onte {C}arlo},
  author={Parno, M. and Marzouk, Y.},
  journal={SIAM/ASA Journal on Uncertainty Quantification},
  volume = {6},
  number = {2},
  pages = {645--682},
  year={2018}
}

@article{tabak2013family,
  title={A family of nonparametric density estimation algorithms},
  author={Tabak, E. G. and Turner, C. V.},
  journal={Communications on Pure and Applied Mathematics},
  volume={66},
  number={2},
  pages={145--164},
  year={2013},
  publisher={Wiley Online Library}
}

@book{rue2005gaussian,
  title={Gaussian Markov random fields: theory and applications},
  author={Rue, H. and Held, L.},
  year={2005},
  publisher={CRC Press}
}

@article{metropolis1953equation,
  title={Equation of state calculations by fast computing machines},
  author={Metropolis, Nicholas and Rosenbluth, Arianna W and Rosenbluth, Marshall N and Teller, Augusta H and Teller, Edward},
  journal={The journal of chemical physics},
  volume={21},
  number={6},
  pages={1087--1092},
  year={1953},
  publisher={AIP Publishing}
}

@article{hastings1970monte,
  title={Monte Carlo sampling methods using Markov chains and their applications},
  author={Hastings, W Keith},
  journal={Biometrika},
  volume={57},
  number={1},
  pages={97--109},
  year={1970},
  publisher={Biometrika Trust}
}

@article{gilks1996mcmc,
  title={MCMC in Practice},
  author={Gilks, WR and Richardson, S and Spiegelhalter, D},
  journal={New York: Chap-man and Hall. GilksMCMC in practice1996},
  year={1996}
}

@article{gorham2015measuring,
  title={Measuring Sample Quality with Stein's Method},
  author={Gorham, Jackson and Mackey, Lester},
  journal={arXiv preprint arXiv:1506.03039},
  year={2015}
}

@article{el2012bayesian,
  title={Bayesian inference with optimal maps},
  author={Moselhy, T.  and Marzouk, Y.},
  journal={Journal of Computational Physics},
  volume={231},
  number={23},
  pages={7815--7850},
  year={2012},
  publisher={Elsevier}
}

@book{bogachev2007measure,
  title={Measure Theory},
  author={Bogachev, Vladimir I},
  volume={1},
  year={2007},
  publisher={Springer Science \& Business Media}
}

@book{monge1781memoire,
  title={M{\'e}moire sur la th{\'e}orie des d{\'e}blais et des remblais},
  author={Monge, Gaspard},
  year={1781},
  publisher={De l'Imprimerie Royale}
}

@article{benamou2000computational,
  title={A computational fluid mechanics solution to the Monge-Kantorovich mass transfer problem},
  author={Benamou, Jean-David and Brenier, Yann},
  journal={Numerische Mathematik},
  volume={84},
  number={3},
  pages={375--393},
  year={2000},
  publisher={Springer}
}

@article{angenent2003minimizing,
  title={Minimizing flows for the Monge--Kantorovich problem},
  author={Angenent, Sigurd and Haker, Steven and Tannenbaum, Allen},
  journal={SIAM journal on mathematical analysis},
  volume={35},
  number={1},
  pages={61--97},
  year={2003},
  publisher={SIAM}
}

@article{loeper2005numerical,
  title={Numerical solution of the Monge--Amp{\`e}re equation by a Newton's algorithm},
  author={Loeper, Gr{\'e}goire and Rapetti, Francesca},
  journal={Comptes Rendus Mathematique},
  volume={340},
  number={4},
  pages={319--324},
  year={2005},
  publisher={Elsevier}
}

@article{carlier2010knothe,
  title={From {K}nothe's transport to {B}renier's map and a continuation method for optimal transport},
  author={Carlier, G. and Galichon, A. and Santambrogio, F.},
  journal={SIAM Journal on Mathematical Analysis},
  volume={41},
  number={6},
  pages={2554--2576},
  year={2010},
  publisher={SIAM}
}

@book{ghorpade2010course,
  title={A course in multivariable calculus and analysis},
  author={Ghorpade, Sudhir and Limaye, Balmohan Vishnu},
  year={2010},
  publisher={Springer}
}

@article{knothe1957contributions,
  title={Contributions to the theory of convex bodies},
  author={Knothe, H.},
  journal={The Michigan Mathematical Journal},
  volume={4},
  number={1},
  pages={39--52},
  year={1957},
  publisher={The University of Michigan}
}

@InProceedings{Kim2013,
  Title                    = {{Efficient Bayesian Inference Methods via Convex Optimization and Optimal Transport}},
  Author                   = {Kim, Sanggyun and Ma, Rui and Mesa, Diego and Coleman, TP},
  Booktitle                = {IEEE Symposium on Information Theory},
  Year                     = {2013},
  Number                   = {6},

  File                     = {:Users/mparno/Documents/Work/Papers/KMMC-ISIT2013.pdf:pdf},
  Owner                    = {mparno},
  Timestamp                = {2015.06.04},
  Url                      = {http://coleman.ucsd.edu/wp-content/uploads/2013/07/KMMC-ISIT2013.pdf}
}

@Article{Calderhead2011,
  Title                    = {{Statistical analysis of nonlinear dynamical systems using differential geometric sampling methods.}},
  Author                   = {Calderhead, Ben and Girolami, Mark},
  Journal                  = {Interface focus},
  Year                     = {2011},

  Month                    = dec,
  Number                   = {6},
  Pages                    = {821--35},
  Volume                   = {1},
  Doi                      = {10.1098/rsfs.2011.0051},
  File                     = {:Users/mparno/Documents/Work/Papers/Static Problems/CalderheadGeometric.pdf:pdf},
  ISSN                     = {2042-8901},
  Keywords                 = {bayesian analysis,markov chain,monte carlo,nonlinear dynamic systems,parameter estimation,riemann manifold sampling methods,statistical inference},
  Owner                    = {mparno},
  Pmid                     = {23226584},
  Timestamp                = {2015.06.04},
  Url                      = {http://www.pubmedcentral.nih.gov/articlerender.fcgi?artid=3262297\&tool=pmcentrez\&rendertype=abstract}
}

@Book{luenberger1968optimization,
  Title                    = {Optimization by vector space methods},
  Author                   = {Luenberger, David G},
  Publisher                = {John Wiley \& Sons},
  Year                     = {1968},
  Owner                    = {mparno},
  Timestamp                = {2015.06.04}
}

@Book{Gelman2003,
  Title                    = {{Bayesian Data Analysis}},
  Author                   = {Gelman, Andrew and Carlin, John B. and Stern, Hal S. and
 Rubin, Donald B.},
  Publisher                = {Chapman and Hall},
  Year                     = {2003},
  Edition                  = {2},
  ISBN                     = {978-1584883883},
  Owner                    = {mparno},
  Timestamp                = {2015.06.04}
}

@article{ramsay1998estimating,
  title={Estimating smooth monotone functions},
  author={Ramsay, J. O.},
  journal={Journal of the Royal Statistical Society: Series B},
  pages={365--375},
  year={1998},
  publisher={JSTOR}
}

@book{spall2005introduction,
  title={Introduction to stochastic search and optimization: estimation, simulation, and control},
  author={Spall, J. C.},
  volume={65},
  year={2005},
  publisher={John Wiley \& Sons}
}

@Article{calderhead2014general,
  Title                    = {A general construction for parallelizing Metropolis- Hastings algorithms},
  Author                   = {Calderhead, Ben},
  Journal                  = {Proceedings of the National Academy of Sciences},
  Year                     = {2014},
  Number                   = {49},
  Pages                    = {17408--17413},
  Volume                   = {111},

  Owner                    = {mparno},
  Publisher                = {National Acad Sciences},
  Timestamp                = {2015.06.04}
}

@Article{Bardsley2014,
  Title                    = {Randomize-then-optimize: a method for sampling from posterior distributions in nonlinear inverse problems},
  Author                   = {Bardsley, J. M. and Solonen, A. and
 Haario, H. and Laine, M.},
  Journal                  = {{SIAM Journal on Scientific Computing}},
  Year                     = {2014},
  Number                   = {4},
  Pages                    = {A1895--A1910},
  Volume                   = {36},
  Doi                      = {10.1137/140964023},
  Owner                    = {mparno},
  Timestamp                = {2015.06.04}
}

@book{lauritzen1996graphical,
  title={Graphical Models},
  author={Lauritzen, S. L.},
  year={1996},
  publisher={Oxford University Press}
}

@book{pearl1985graphoids,
  title={Graphoids: A graph-based logic for reasoning about relevance relations},
  author={Pearl, Judea and Paz, Azaria},
  year={1985},
  publisher={University of California (Los Angeles). Computer Science Department}
}

@article{moussouris1974gibbs,
  title={Gibbs and Markov random systems with constraints},
  author={Moussouris, John},
  journal={Journal of statistical physics},
  volume={10},
  number={1},
  pages={11--33},
  year={1974},
  publisher={Springer}
}

@Misc{scipy,
  author =    {Jones, E. and Oliphant, T. and Peterson, P.},
  title =     {{SciPy}: Open source scientific tools for {Python}},
  year =      {2014},
}


@article{Morzfeld2012,
  title={A random map implementation of implicit filters},
  author={Morzfeld, M. and Tu, X. and Atkins, E. and Chorin, A. J.},
  journal={Journal of Computational Physics},
  volume={231},
  number={4},
  pages={2049--2066},
  year={2012},
  publisher={Elsevier}
}

@book{boyd2001chebyshev,
  title={Chebyshev and {F}ourier spectral methods},
  author={Boyd, J.},
  year={2001},
  edition={2},
  publisher={Dover}
}