@string{Proc = "Proceedings"}                  

@string{AISTATS = "International Conference on Artificial Intelligence and Statistics (AISTATS)"}
@string{AISTATS13 = Proc # "16th " # AISTATS}

@string{Allerton = "Annual Allerton Conference"}
@string{Allerton03 = Proc # "41st " # Allerton}
@string{Allerton04 = Proc # "42nd " # Allerton}
@string{Allerton05 = Proc # "43rd " # Allerton}
@string{Allerton11 = Proc # "49th " # Allerton}

@string{ASRU = Proc # "IEEE Automatic Speech Recognition and Understanding Workshop (ASRU)"}

@string{CISS = Proc # "Conference on Information Sciences and Systems (CISS)"}

@string{DCC  = Proc # "Data Compression Conference (DCC)"}

@string{Globecom = Proc # "Global Telecommunications Conference (Globecom)"}
@string{ICASSP = Proc # "International Conference on Acoustics, Speech, and Signal Processing (ICASSP)"}

@string{ICSLP= Proc # "International Conference on Spoken Language Processing (ICSLP)"},
@string{ISIT = Proc # "International Symposium on Information Theory (ISIT)"}
@string{ITW  = Proc # "Information Theory Workshop (ITW)"}
@string{JMLR-WCP= "Journal on Machine Learning Research (JMLR): Workshop and Conference Proceedings"}
@string{NIPS = "Annual Conference on Neural Information Processing (NIPS)"}
@string{NIPS90 = Proc # "4th " # NIPS}
@string{NIPS04 = Proc # "18th " # NIPS}
@string{NIPS12 = Proc # "26th " # NIPS}
@string{TCS  = "Theoretical Computer Science (TCS)"}

%Months

@string{jan="January"}
@string{feb="February"}
@string{mar="March"}
@string{apr="April"}
@string{may="May"}
@string{jun="June"}
@string{jul="July"}
@string{aug="August"}
@string{sep="September"}
@string{oct="October"}
@string{nov="November"}
@string{dec="December"}

%Misc

@string{Proc = "Proc. of the "}
@string{Proc = "Proceedings of the "}

@string{Invited = "(Invited paper)"}

% Conferences 
@string{FOCS = "FOCS"}
@string{FOCS = "Annual Symposium on Foundations of Computer Science (FOCS)"}

@string{FOCS84 = FOCS}
@string{FOCS91 =FOCS} 
@string{FOCS95 =FOCS} 
@string{FOCS99 =FOCS} 
@string{FOCS00 = FOCS}
@string{FOCS02 = FOCS}
@string{FOCS03 =  FOCS}
@string{FOCS05 = FOCS}
@string{FOCS10 =  FOCS}




@string{COLT = "Annual Conference on Learning Theory (COLT)"}

@string{COLT95 = Proc # "9th " # COLT}
@string{COLT99 = Proc # "13th " # COLT}
@string{COLT00 = Proc # "14th " # COLT}
@string{COLT05 = Proc # "18th " # COLT}
@string{COLT06 = Proc # "19th " # COLT}
@string{COLT08 = Proc # "21st " # COLT}
@string{COLT11 = Proc # "24th " # COLT}
@string{COLT12 = Proc # "25th " # COLT}
@string{COLT13 = Proc # "26th " # COLT}
@string{COLT04 = Proc # "17th " # COLT}
@string{COLT12 = Proc # "25th " # COLT}
@string{COLT14 = Proc # "27th " # COLT}


@string{STOC = "Annual ACM Symposium on Theory of Computing (STOC)"}
@string{STOC94 = "STOC"}
@string{STOC12 = "STOC"}
@string{STOC10 = "STOC"}
@string{STOC11 = "STOC"}
@string{STOC14 = "STOC"}

@string{ICML = "Annual International Conference on Machine Learning (ICML)"}
@string{ICML01 = Proc # "18th " # ICML}
@string{ICML05 = Proc # "22nd " # ICML}

@string{ICML = "ICML"}
@string{ICML01 =  ICML}
@string{ICML05 = ICML}

@string{SODA = "SODA"}
@string{SODA = "Symposium on Discrete Algorithms (SODA)"}


@string{SODA12 = SODA}
@string{SODA13 = SODA}
@string{SODA14 = SODA}
@string{SODA07 = SODA}
@string{SODA08 = SODA}
@string{SODA94 = SODA}

@string{UAI = "Conference on Uncertainty in Artificial Intelligence (UAI)"}
@string{UAI00 = "UAI"}
@string{UAI04 = "UAI"}
@string{PIEEE = Proc # "IEEE"}

@string{NIPS = "Annual Conference on Neural Information Processing (NIPS)"}
@string{NIPS04 = "NIPS"}
@string{NIPS13 = "NIPS"}

@string{ICDM = "Industrial Conference on Data Mining (ICDM)"}
@string{ICDM = "ICDM"}

@string{ICDM02  =  ICDM}

@string{ITCS = "Innovations in Theoretical Computer Science Conference (ITCS)"}
@string{ITCS = "ITCS"}

@string{ITCS13 = ITCS}


@string{ISIT = "IEEE International Symposium on Information Theory (ISIT)"}

@string{ISIT13 = Proc # ISIT}
@string{ISIT12 = Proc # ISIT}
@string{ISIT05 = Proc # ISIT}
@string{ISIT06 = Proc # ISIT}
@string{ISIT10 = Proc # ISIT}

@string{ISIT13 = Proc # "2013 " # ISIT}
@string{ISIT12 = Proc # "2012 " # ISIT}
@string{ISIT05 = Proc # "2005 " # ISIT}
@string{ISIT06 = Proc # "2006 " # ISIT}
@string{ISIT10 = Proc # "2010 " # ISIT}
@string{ISIT12 = Proc # "2012 " # ISIT}
@string{ISIT14 = Proc # "2014 " # ISIT}
%booktitle={Computational Advances in Multi-Sensor Adaptive Processing (CAMSAP), 2013 IEEE 5th International Workshop on},


%Journals
@string{STASIN = "Statististica Sinica"}
@string{ACTPHY = "ACTA PHYSICA POLONICA SERIES B"}
@string{ANNPRO = "The Annals of Probability"}
@string{ANNSTA = "The Annals of Statistics"}
@string{CORR = "CoRR"}
@string{JMLRPT = "Journal of Machine Learning Research - Proceedings Track"}
@string{JMLR = "Journal on Machine Learning Research (JMLR)"}

@string{ITIT = "IEEE Trans. on Info. Theory"}
@string{ITIT = "IEEE Transactions on Information Theory"}

@string{SCOM = "SIAM Journal on Computing"}
@string{ECCC = "Electronic Colloquium on Computational Complexity (ECCC)"}

% 1. do not delete any entries, always keep a backup before editing :)
% 2. Add new references at the bottom during deadlines and sort them out later 
% 3. Use only this reference file
\input{abr}

@article{RubinfeldS09,
  author    = {Ronitt Rubinfeld and
               Rocco A. Servedio},
  title     = {Testing monotone high-dimensional distributions},
  journal   = {Random Struct. Algorithms},
  volume    = {34},
  number    = {1},
  pages     = {24--44},
  year      = {2009},
}

@article{LeviRR13,
  author    = {Reut Levi and
               Dana Ron and
               Ronitt Rubinfeld},
  title     = {Testing Properties of Collections of Distributions},
  journal   = {Theory of Computing},
  volume    = {9},
  pages     = {295--347},
  year      = {2013},
}


@inproceedings{Waggoner15,
  author    = {Bo Waggoner},
  title     = {\emph{L\({}_{\mbox{p}}\)} Testing and Learning of Discrete Distributions},
  booktitle = {Proceedings of the 2015 Conference on Innovations in Theoretical Computer
               Science, {ITCS} 2015, Rehovot, Israel, January 11-13, 2015},
  pages     = {347--356},
  year      = {2015},
 }

@inproceedings{AcharyaD15,
  author    = {Jayadev Acharya and
               Constantinos Daskalakis},
  title     = {Testing Poisson Binomial Distributions},
  booktitle = SODA15,
  pages     = {1829--1840},
  year      = {2015},
}

@inproceedings{BatuKR04,
  author    = {Tugkan Batu and
               Ravi Kumar and
               Ronitt Rubinfeld},
  title     = {Sublinear algorithms for testing monotone and unimodal distributions},
  booktitle = {Proceedings of the 36th Annual {ACM} Symposium on Theory of Computing,
               Chicago, IL, USA, June 13-16, 2004},
  pages     = {381--390},
  year      = {2004},
 }

@article{AcharyaCK14,
  author    = {Jayadev Acharya and
               Cl{\'{e}}ment L. Canonne and
               Gautam Kamath},
  title     = {A Chasm Between Identity and Equivalence Testing with Conditional
               Queries},
  journal   = {CoRR},
  volume    = {abs/1411.7346},
  year      = {2014},
}

@inproceedings{ChakrabortyFGM13,
  author    = {Sourav Chakraborty and
               Eldar Fischer and
               Yonatan Goldhirsh and
               Arie Matsliah},
  title     = {On the power of conditional samples in distribution testing},
  booktitle = {Innovations in Theoretical Computer Science, {ITCS} '13, Berkeley,
               CA, USA, January 9-12, 2013},
  pages     = {561--580},
  year      = {2013},
 }

@inproceedings{	,
  author    = {Cl{\'{e}}ment L. Canonne and
               Dana Ron and
               Rocco A. Servedio},
  title     = {Testing equivalence between distributions using conditional samples},
  booktitle = SODA14,
  pages     = {1174--1192},
  year      = {2014},
}

@inproceedings{DiakonikolasKN14,
  author    = {Ilias Diakonikolas and
               Daniel M. Kane and
               Vladimir Nikishkin},
  title     = {Testing Identity of Structured Distributions},
  booktitle = SODA15,
  pages     = {1841--1854},
  year      = {2015}
}

@inproceedings{DaskalakisDSVV13,
  author    = {Constantinos Daskalakis and
               Ilias Diakonikolas and
               Rocco A. Servedio and
               Gregory Valiant and
               Paul Valiant},
  title     = {Testing \emph{k}-Modal Distributions: Optimal Algorithms via Reductions},
  booktitle = SODA13,
  pages     = {1833--1852},
  year      = {2013},
}


@inproceedings{ChanDSS14,
  author    = {Siu{-}on Chan and
               Ilias Diakonikolas and
               Rocco A. Servedio and
               Xiaorui Sun},
  title     = {Efficient density estimation via piecewise polynomial approximation},
  booktitle = {Symposium on Theory of Computing, {STOC} 2014, New York, NY, USA,
               May 31 - June 03, 2014},
  pages     = {604--613},
  year      = {2014},
 }

@article{ValiantV13,
  author    = {Gregory Valiant and
               Paul Valiant},
  title     = {Instance-by-instance optimal identity testing},
  journal   = {Electronic Colloquium on Computational Complexity {(ECCC)}},
  volume    = {20},
  pages     = {111},
  year      = {2013},
}

@article{GoldreichR00,
  author    = {Oded Goldreich and
               Dana Ron},
  title     = {On Testing Expansion in Bounded-Degree Graphs},
  journal   = {Electronic Colloquium on Computational Complexity {(ECCC)}},
  volume    = {7},
  number    = {20},
  year      = {2000},
}


@article{Ziv88,
  author    = {Jacob Ziv},
  title     = {On classification with empirically observed statistics and universal
               data compression},
  journal   = {{IEEE} Transactions on Information Theory},
  volume    = {34},
  number    = {2},
  pages     = {278--286},
  year      = {1988},
}

@inproceedings{BatuFFKRW01,
  author    = {Tugkan Batu and
               Lance Fortnow and
               Eldar Fischer and
               Ravi Kumar and
               Ronitt Rubinfeld and
               Patrick White},
  title     = {Testing Random Variables for Independence and Identity},
  booktitle = {42nd Annual Symposium on Foundations of Computer Science, {FOCS} 2001,
               14-17 October 2001, Las Vegas, Nevada, {USA}},
  pages     = {442--451},
  year      = {2001},
}

%%%books
@book{Stone75,
  title={Theory of optimal search},
  author={Lawrence D Stone},
  year={1975},
  publisher={Academic Press New York}
}

@book{TitteringtonSM85,
  author={ D Michael Titterington and  Adrian FM Smith and Udi E Makov},
  title={Statistical analysis of finite mixture distributions},
  year={1985},
  publisher={Wiley New York}
}

@book{Lecam86,
  address = {New York},
  author = {LeCam, {L.}},
  publisher = {Springer},
  series = {Springer series in statistics},
  title = {Asymptotic methods in statistical decision theory},
  year = {1986}
}

@book{Lorentz86,
  title={Bernstein polynomials},
  author={Lorentz, G.G.},
  year={1986},
  publisher={Chelsea Publishing Company, Incorporated}
}

@book{Lindsay95,
    author = {Bruce G. Lindsay},
    title = {Mixture Models: Theory, Geometry and Applications},
    address = {Penn. State University},
    publisher = {NSF-CBMS Conference series in Probability and Statistics},
    year = {1995}
}

@book{MacherU05,
  author    = {Michael Mitzenmacher and Eli Upfal},
  title     = {Probability and computing: Randomized algorithms and probabilistic analysis},
  publisher = {Cambridge University Press},
  year      = {2005},
}

@book{CoverT06,
  author    = {Thomas M. Cover and   Joy A. Thomas},
  title     = {Elements of information theory (2. ed.)},
  publisher = {Wiley},
  year      = {2006},
}

@book{Grunwald07,
 author = {Peter D. Gr\"{u}nwald,},
 title = {The Minimum Description Length Principle},
 year = {2007},
 publisher = {The MIT Press},
} 

@book{Pollard13,
    author = {David Pollard},
    title = {Asymptopia},
    year = {1997}
}


%%% thesis
@phdthesis{Batu01,
  author = {Tugkan Batu},
  title = {Testing properties of distributions},
  school = {Cornell University},
  year = {2001},
}

@phdthesis{Chaudhuri07,
    Author = {Kamalika Chaudhuri},
    Title = {Learning Mixtures of Distributions},
    School = {EECS Department, University of California, Berkeley},
    Year = {2007},
    Month = {Oct},
}

@phdthesis{Das12,
  author = {Hirakendu Das},
  title = {Competitive Tests and Estimators for Properties of Distributions},
  school = {UCSD},
  year = {2012},
}

%%% SODA

@inproceedings{DaskalakisDS12a,
  author    = {Constantinos Daskalakis and
               Ilias Diakonikolas and
               Rocco A. Servedio},
  title     = {Learning {\it k}-modal distributions via testing},
  booktitle = SODA12,
  year      = {2012},
}


@inproceedings{ChanDSS13,
  author    = {Siu On Chan and  Ilias Diakonikolas and  Rocco A. Servedio and  Xiaorui Sun},
  title     = {Learning mixtures of structured distributions over discrete  domains},
  booktitle = SODA13,
  year      = {2013},
}

@inproceedings{ChanDVV13,
  author    = {Siu On Chan and Ilias Diakonikolas and Paul Valiant and Gregory Valiant},
  title     = {Optimal Algorithms for Testing Closeness of Discrete Distributions},
  booktitle = SODA14,
  year      = {2014},
}


%%%% COLT

@inproceedings{Vovk95,
 author = {Vladimir G. Vovk},
 title = {A game of prediction with expert advice},
 series = COLT95,
 year = {1995},
 pages = {51--60},
} 

@inproceedings{BianchiL99,
 author = { Nicol{\`o}  Cesa-Bianchi and G{\'a}bor Lugosi},
 title = {Minimax regret under log loss for general classes of experts},
 series = COLT99,
 year = {1999},
 pages = {12--18},
} 

@inproceedings{DaskalakisK13,
  author    = {Constantinos Daskalakis and Gautam Kamath},
  title     = {Faster and Sample Near-Optimal Algorithms for Proper Learning
               Mixtures of Gaussians},
  booktitle   = COLT14,
  year      = {2014},
}

@inproceedings{AndersonBGRV13,
  author    = {Joseph Anderson and  Mikhail Belkin and Navin Goyal and Luis Rademacher and James R. Voss},
  title     = {The More, the Merrier: the Blessing of Dimensionality for
               Learning Large Gaussian Mixtures},
  booktitle   = COLT14,
  year      = {2014},
}



@inproceedings{FreundM99,
  author    = {Yoav Freund and  Yishay Mansour},
  title     = {Estimating a Mixture of Two Product Distributions},
  booktitle = COLT99,
  year      = {1999},
}

@inproceedings{McAllesterS00,
  author    = {David A. McAllester and Robert E. Schapire},
  title     = {On the Convergence Rate of Good-Turing Estimators},
  booktitle = COLT00,
  year      = {2000},
  pages     = {1-6},
}

@inproceedings{DrukhM04,
  author    = {Evgeny Drukh and Yishay Mansour},
  title     = {Concentration Bounds for Unigrams Language Model},
  booktitle = COLT04,
  year      = {2004},
}
 
@inproceedings{KannanSV05,
  author    = {Ravindran Kannan and  Hadi Salmasian and   Santosh Vempala},
  title     = {The Spectral Method for General MixtureModels},
  booktitle = COLT05,
  year      = {2005},
}

@inproceedings{AchlioptasM05,
  author    = {Dimitris Achlioptas and Frank McSherry},
  title     = {On Spectral Learning of Mixtures of Distributions},
  booktitle = COLT05,
  year      = {2005},
}

@inproceedings{FeldmanSO06,
  author    = {Jon Feldman and   Rocco A. Servedio and   Ryan O'Donnell},
  title     = {{PAC} Learning Axis-Aligned Mixtures of Gaussians with No  Separation Assumption},
  booktitle = COLT06,
  year      = {2006},
}

@inproceedings{ChaudhuriR08,
  author    = {Kamalika Chaudhuri and  Satish Rao},
  title     = {Learning Mixtures of Product Distributions Using Correlations  and Independence},
  booktitle = COLT08,
  year      = {2008},
  pages     = {9-20},
}

@article{AcharyaDJOP11,
  author    = {Jayadev Acharya and   Hirakendu Das and Ashkan Jafarpour and Alon Orlitsky and Shengjun  Pan},
  title     = {Competitive Closeness Testing},
  journal   = COLT11,
  volume    = {19},
  year      = {2011},
  pages     = {47-68},
}
 
@inproceedings{OhannessianD12,
  author    = {Mesrob I. Ohannessian and Munther A. Dahleh},
  title     = {Rare Probability Estimation under Regularly Varying Heavy  Tails},
  booktitle = COLT12,
  year      = {2012},
  pages     = {21.1-21.24},
}

@inproceedings{AcharyaDJOPS12,
  author    = {Jayadev Acharya and  Hirakendu Das and Ashkan Jafarpour and Alon Orlitsky and Shengjun Pan and Ananda Theertha Suresh},
  title     = {Competitive Classification and Closeness Testing},
  booktitle = COLT12,
  year      = {2012},
  pages     = {22.1-22.18},
}

@inproceedings{AcharyaJOS13,
  author    = {Jayadev Acharya and Ashkan Jafarpour and Alon Orlitsky and Ananda Theertha Suresh},
  title     = {Optimal Probability Estimation with Applications to Prediction
               and Classification},
  booktitle = COLT13,
  year      = {2013},
  pages     = {764-796},
}

%%% FOCS

@inproceedings{Dasgupta99,
  author    = {Sanjoy Dasgupta},
  title     = {Learning Mixtures of Gaussians},
  booktitle = FOCS99,
  year      = {1999},
}

@inproceedings{BatuFRSW00,
  author    = {Tugkan Batu and  Lance Fortnow and Ronitt Rubinfeld and  Warren D. Smith and Patrick White},
  title     = {Testing that distributions are close},
  booktitle = FOCS00,
  year      = {2000},
  pages     = {259-269},
}

@inproceedings{VempalaW02,
  author    = {Santosh Vempala and Grant Wang},
  title     = {A Spectral Algorithm for Learning Mixtures of Distributions},
  booktitle = FOCS02,
  year      = {2002},
}

@inproceedings{OrlitskySZ03,
  author    = {Alon Orlitsky and Narayana P. Santhanam and Junan Zhang},
  title     = {Always Good Turing: Asymptotically Optimal Probability Estimation},
  booktitle = FOCS03,
  year      = {2003},
}

@inproceedings{FeldmanOS05,
  author    = {Jon Feldman and  Ryan O'Donnell and  Rocco A. Servedio},
  title     = {Learning mixtures of product distributions over discrete  domains},
  booktitle = FOCS05,
  year      = {2005},
}

@inproceedings{MoitraV10,
  author    = {Ankur Moitra and  Gregory Valiant},
  title     = {Settling the Polynomial Learnability of Mixtures of Gaussians},
  booktitle = FOCS10,
  year      = {2010},
}

@INPROCEEDINGS{BelkinS10, 
  author={Mikhail Belkin and Kaushik Sinha}, 
  title={Polynomial Learning of Distribution Families}, 
  booktitle=FOCS10, 
  year={2010}, 
}


%%% STOC
@inproceedings{KearnsMRRSS94,
  title={On the learnability of discrete distributions},
  author={Kearns, Michael and Mansour, Yishay and Ron, Dana and Rubinfeld, Ronitt and Schapire, Robert E and Sellie, Linda},
  booktitle={Proceedings of the Twenty-Sixth Annual {ACM} Symposium on Theory of
               Computing, 23-25 May 1994, Montr{\'{e}}al, Qu{\'{e}}bec,
               Canada},
  pages={273--282},
  year={1994},
}

@inproceedings{KalaiMV10,
  author    = {Adam Tauman Kalai and   Ankur Moitra and   Gregory Valiant},
  title     = {Efficiently learning mixtures of two Gaussians},
  booktitle = STOC10,
  year      = {2010},
}

@inproceedings{Valiant11b,
 author = {Gregory Valiant and Paul Valiant},
 title = {Estimating the unseen: an n/log(n)-sample estimator for entropy and support size, shown optimal via new CLTs},
 booktitle = STOC11,
 year = {2011},
 } 
 
@inproceedings{DaskalakisDS12,
  title={Learning poisson binomial distributions},
  author={Daskalakis, Constantinos and Diakonikolas, Ilias and Servedio, Rocco A},
  booktitle={Proceedings of the 44th Symposium on Theory of Computing Conference,
               {STOC} 2012, New York, NY, USA, May 19 - 22, 2012},
  pages={709--728},
  year={2012},
}


@inproceedings{ChanDSS13b,
  author    = {Siu On Chan and Ilias Diakonikolas and Rocco A. Servedio and Xiaorui Sun},
  title     = {Efficient Density Estimation via Piecewise Polynomial Approximation},
  booktitle   = STOC14,
  year      = {2014},
}


%% ISIT

@INPROCEEDINGS{OrlitskySVZ05, 
author={Alon Orlitsky and Narayana Santhanam  and Krishnamurthy Viswanathan and Junan Zhang}, 
booktitle=ISIT05, 
title={Convergence of profile based estimators}, 
year={2005}, 
pages={1843 -1847}, 
}

@inproceedings{AcharyaDOPS10,
  author    = {Jayadev Acharya and
               Hirakendu Das and
               Alon Orlitsky and
               Shengjun Pan and
               Narayana P. Santhanam},
  title     = {Classification using pattern probability estimators},
  booktitle = ISIT10,
  year      = {2010},
  pages     = {1493-1497},
}


@inproceedings{WagnerVK06,
  author    = {Aaron B. Wagner and Pramod Viswanath and Sanjeev R. Kulkarni},
  title     = {Strong Consistency of the Good-Turing Estimator},
  booktitle=ISIT06,
  year      = {2006},
}

@inproceedings{DasJOPS12,
  author    = {Hirakendu Das and Ashkan Jafarpour and Alon Orlitsky and Shengjun Pan and Ananda Theertha Suresh},
  title     = {On the query computation and verification of functions},
  booktitle = ISIT12,
  year      = {2012},
}

@inproceedings{AcharyaDJOS13,
  author    = {Jayadev Acharya and Hirakendu Das and Ashkan Jafarpour and Alon Orlitsky and Ananda Theertha Suresh},
  title     = {Tight bounds for universal compression of large alphabets},
  booktitle = ISIT13,
  year      = {2013},
}

@inproceedings{AcharyaJOS14b,
  author    = {Jayadev Acharya and  Ashkan Jafarpour and Alon Orlitksy and Ananda Theertha Suresh},
  title     = {Sublinear algorithms for outlier detection and generalized closeness testing},
  booktitle = ISIT14,
  year      = {2014},
}

@inproceedings{AcharyaJOS14c,
  author    = {Jayadev Acharya and  Ashkan Jafarpour and Alon Orlitksy and Ananda Theertha Suresh},
  title     = {Poissonization and universal compression of envelope classes},
  booktitle = ISIT14,
  year      = {2014},
}
@inproceedings{AcharyaJOS14d,
  author    = {Jayadev Acharya and  Ashkan Jafarpour and Alon Orlitksy and Ananda Theertha Suresh},
  title     = {Efficient compression of monotone and $m$-modal distributions},
  booktitle = ISIT14,
  year      = {2014},
}

@inproceedings{AcharyaJOS14e,
  author    = {Jayadev Acharya and  Ashkan Jafarpour and Alon Orlitksy and Ananda Theertha Suresh},
  title     = {Sorting with adversarial comparators and application to density estimation},
  booktitle = ISIT14,
  year      = {2014},
}
@inproceedings{VaidhiyanAS12,
  author    = {Nidhin K. Vaidhiyan and S. P. Arun and Rajesh Sundaresan},
  title     = {Active sequential hypothesis testing with application to
               a visual search problem},
  booktitle = ISIT12,
  year      = {2012},
  pages     = {2201-2205},
}

@INPROCEEDINGS{AcharyaDMOP10, 
author={Jayadev Acharya and Hirakendu Das and  H. Mohimani and Alon Orlitsky and Shengjun Pan}, 
booktitle=ISIT10, 
title={Exact calculation of pattern probabilities}, 
year={2010}, 
pages={1498 -1502},
}

@INPROCEEDINGS{Unnikrishnan12, 
author={Jayakrishnan Unnikrishnan}, 
booktitle=ISIT12, 
title={On optimal two sample homogeneity tests for finite alphabets}, 
year={2012}, 
pages={2027-2031}, 
}

@inproceedings{LiNV13,
  author    = {Yun Li and  Sirin Nitinawarat and  Venugopal V. Veeravalli},
  title     = {Universal outlier hypothesis testing},
  booktitle = ISIT13,
  year      = {2013},
  pages     = {2666-2670},
}

%% ITIT

@article {Rissanen84,
  author   = {Jorma  Rissanen},
  title    = {Universal coding, information, prediction, and estimation},
  journal  = ITIT,
  volume   = 30,
  number   = 4,
  pages    = {629-636},
  month    = {July},
  year     = {1984}
}

@article{MerhavF98,
  author    = {Neri Merhav and Meir Feder},
  title     = {Universal Prediction},
  journal   = ITIT,
  volume    = {44},
  number    = {6},
  year      = {1998},
  pages     = {2124-2147},
}

@article{AhlswedeW02,
  author    = {Rudolf Ahlswede and  Andreas Winter},
  title     = {Strong converse for identification via quantum channels},
  journal   = ITIT,
  volume    = {48},
  number    = {3},
  year      = {2002},
  pages     = {569-579},
}

@Article{OrlitksySZ03b,
  author =  {Alon Orlitsky and Narayana P. Santhanam and Juan Zhang},
  title =  {Universal compression of memoryless sources over unknown alphabets},
  journal = ITIT,
  year =  {2004},
  volume = 50,
  number = 7,
  pages = {1469- 1481},
  month = {July},
}

@article{Paninski08,
  author    = {Liam Paninski},
  title     = {A Coincidence-Based Test for Uniformity Given Very Sparsely
               Sampled Discrete Data},
  journal   = ITIT,
  volume    = {54},
  number    = {10},
  year      = {2008},
  pages     = {4750-4755},
}

@article{KellyWTV13,
  author    = {Benjamin G. Kelly and Aaron B. Wagner and Thitidej Tularak and Pramod Viswanath},
  title     = {Classification of Homogeneous Data With Large Alphabets},
  journal   = ITIT,
  volume    = {59},
  number    = {2},
  year      = {2013},
  pages     = {782-795},
}

%%NIPS

@inproceedings{Paninski04,
  author = {Liam Paninski},
  title     = {Variational Minimax Estimation of Discrete Distributions  under KL Loss},
  booktitle = NIPS04,
  year      = {2004},
}

@inproceedings{AcharyaDO12,
  author    = {Jayadev Acharya and Hirakendu Das and Alon Orlitsky},
  title     = {Tight Bounds on Profile Redundancy and Distinguishability},
  booktitle = NIPS12,
  year      = {2012},
}

@inproceedings{AzizyanSW13,
  author    = {Martin Azizyan and Aarti Singh and Larry A. Wasserman},
  title     = {Minimax Theory for High-dimensional Gaussian Mixtures with  Sparse Mean Separation},
  booktitle   = NIPS13,
  year      = {2013},
}


%%% SCOM

@INPROCEEDINGS{CryanGG98,
    author = {Mary Cryan and Leslie Ann Goldberg and Paul W. Goldberg},
    title = {Evolutionary Trees can be Learned in Polynomial Time in the Two-State General Markov Model},
    booktitle = SCOM,
    year = {1998},
    pages = {436--445}
}

@article{FeldmanOS08,
  author    = {Jon Feldman and  Ryan O'Donnell and   Rocco A. Servedio},
  title     = {Learning Mixtures of Product Distributions over Discrete  Domains},
  journal   = SCOM,
  volume    = {37},
  number    = {5},
  year      = {2008},
  pages     = {1536-1564},
}

 @article{BatuDKR02,
  author = {Tugkan Batu and Sanjoy Dasgupta and Ravi Kumar and Ronitt Rubinfeld},
  title = {The complexity of approximating the entropy},
  journal = SCOM,
 volume    = {35},
  number    = {1},
  year      = {2005},
  pages     = {132-150},
}

@article{KannanSV08,
  author    = {Ravindran Kannan and  Hadi Salmasian and  Santosh Vempala},
  title     = {The Spectral Method for General Mixture Models},
  journal   = SCOM,
  volume    = {38},
  number    = {3},
  year      = {2008},
  pages     = {1141-1156},
}

@article{Valiant11a,
 author = { Paul Valiant},
 title = {Testing Symmetric Properties of Distributions},
 journal = SCOM,
 issue_date = {November 2011},
 volume = {40},
 number = {6},
 month = dec,
 year = {2011},
 issn = {0097-5397},
 pages = {1927--1968},
} 


%Arxiv

@article{ChaudhuriDV09,
  author    = {Kamalika Chaudhuri and  Sanjoy Dasgupta and  Andrea Vattani},
  title     = {Learning Mixtures of Gaussians using the k-means Algorithm},
  journal   = CORR,
  volume    = {abs/0912.0086},
  year      = {2009},
}

@inproceedings{AcharyaJOS14,
  title={Near-optimal-sample estimators for spherical gaussian mixtures},
  author={Suresh, Ananda Theertha and Orlitsky, Alon and Acharya, Jayadev and Jafarpour, Ashkan},
  booktitle={Advances in Neural Information Processing Systems},
  pages={1395--1403},
  year={2014}
}

@article{Vershynin10,
  author    = {Roman Vershynin},
  title     = {Introduction to the non-asymptotic analysis of random matrices},
  journal   = CoRR,
  volume    = {abs/1011.3027},
  year      = {2010},
}


@article{LiNV13b,
  author    = {Yun Li and Sirin Nitinawarat and Venugopal V. Veeravalli},
  title     = {Universal Outlier Detection},
  journal   = CoRR,
  volume    = {abs/1302.4776},
  year      = {2013},
}




%%%%%%%%%%%%%%%%%%%%%%%%%%%%%%%%%%%%%%%%%%%%%%%%%%%

% Other journal

@inproceedings{XingJK01,
  author    = {Eric P. Xing and Michael I. Jordan and Richard M. Karp},
  title     = {Feature selection for high-dimensional genomic microarray data},
  booktitle = {ICML},
  year      = {2001},
}

@article{LaurentM00,
     author = { B. Laurent and Pascal Massart},
     title = {Adaptive Estimation of a Quadratic Functional by Model Selection},
     journal = ANNSTA,
     volume = {28},
     number = {5},
     pages = {pp. 1302-1338},
     year = {2000},
}

@incollection{Yu97,
author={Bin Yu},
title={{A}ssouad, {F}ano, and {L}e {C}am},
year={1997},
booktitle={Festschrift for Lucien Le Cam},
publisher={Springer New York},
}

@inproceedings{HsuK13,
  author    = {Daniel Hsu and  Sham M. Kakade},
  title     = {Learning mixtures of spherical gaussians: moment methods and spectral decompositions},
  booktitle = ITCS13,
  year      = {2013},
}

@inproceedings{ChenG96,
 author = {S. F. Chen and J. Goodman},
 title = {An empirical study of smoothing techniques for language modeling},
 booktitle = {Proceedings of the 34th annual meeting on Association for Computational Linguistics},
 series = {ACL '96},
 year = {1996},
 pages = {310--318},
 numpages = {9},
 publisher = {Association for Computational Linguistics},
} 

@INPROCEEDINGS{LiNV13c, 
author={ Yun Li and  Sirin Nitinawarat and  Venugopal V. Veeravalli}, 
booktitle={2013 IEEE 5th Intl. Workshop on CAMSAP},  
title={Universal multiple outlier hypothesis testing}, 
year={2013}, 
pages={177-180}, 
}

@INPROCEEDINGS{SureshSTBM10, 
author={ Ananda Theertha Suresh and  Arunkumar Subramanian and Andrew Thangaraj and  Matthieu R. Bloch and Steven W. McLaughlin}, 
booktitle={IEEE Information Theory Workshop},  
title={Strong Secrecy for Erasure Wiretap Channels}, 
year={2010}, 
}

@INPROCEEDINGS{SubramanianSRTBM10, 
author={Arunkumar Subramanian  and  Ananda Theertha Suresh and Safitha Raj and Andrew Thangaraj and  Matthieu R. Bloch and Steven W. McLaughlin}, 
booktitle={Invited paper at the Turbo Coding Conference (ISTC)},  
title={Strong and Weak Secrecy in Wiretap Channels}, 
year={2010}, 
}

@article{MehtaTS13,
  author    = {Neelesh B. Mehta and Rajat Talak and Ananda Theertha Suresh},
  title     = {Interplay Between Optimal Selection Scheme, Selection Criterion, and Discrete Rate Adaptation in Opportunistic Wireless Systems},
  journal   = {IEEE Transactions on Communications},
  volume    = {61},
  number    = {7},
  year      = {2013},
  pages     = {2735-2745},
}

@inproceedings{SureshMS10,
  title={On optimal timer-based distributed selection for rate-adaptive multi-user diversity systems},
  author={ Ananda Theertha Suresh and Neelesh B. Mehta and Virag Shah},
  booktitle={National Conference on Communications (NCC), India},
  year={2010},
}

@article{GaleS95,
  author    = {W. A. Gale and G. Sampson},
  title     = {Good-Turing Frequency Estimation Without Tears},
  journal   = {Journal of Quantitative Linguistics},
  volume    = {2},
  number    = {3},
  year      = {1995},
  pages     = {217-237},
 }
 
@InProceedings{Shamir04,
  author = {Gil Shamir},
  title = {A new redundancy bound for universal lossless compression of unknown alphabets},
  booktitle = ciss,
  year = 2004,
}

@article{BoucheronBL05,
      author = {St{\'e}phane Boucheron, and Olivier Bousquet and G{\'a}bor Lugosi},
    citeulike-article-id = {4221073},
    journal = {ESAIM: Probability and Statistics},
    pages = {323--375},
    posted-at = {2009-03-26 05:48:09},
    priority = {2},
    title = {{Theory of classification : A survey of some recent advances}},
    volume = {9},
    year = {2005}
}

@article{GuhaMV09,
  author    = {Sudipto Guha and
               Andrew McGregor and
               Suresh Venkatasubramanian},
  title     = {Sublinear estimation of entropy and information distances},
  journal   = {ACM Transactions on Algorithms},
  volume    = {5},
  number    = {4},
  year      = {2009},
}

@inproceedings{Mcdiarmid89,
    author = {C. McDiarmid},
    booktitle = {Surveys in Combinatorics},
    publisher = {Cambridge University Press},
    series = {London Mathematical Society Lecture Note Series},
    title = {{On the method of bounded differences}},
    year = {1989}
}

@article{NeymanP33,
  author = {J. Neyman and E. S. Pearson},
  journal = {Philosophical Transactions of the Royal Society of London. Series A, Containing Papers of a Mathematical or Physical Character},
  pages = {289--337},
  publisher = {The Royal Society},
  title = {On the Problem of the Most Efficient Tests of Statistical Hypotheses},
  volume = 231,
  year = 1933,
  keywords = {Neyman-Pearson original statistics},
}


@article{Neto09,
  author    = {Ulisses Braga-Neto},
  title     = {Classification and error estimation for discrete data},
  journal   = {Pattern Recognition},
  volume    = {10},
  number    = {7},
  year      = {2009},
  pages     = {446-462},
}

@article{BoltonH02,
  title={Statistical fraud detection: A review},
  author={Richard J Bolton and  David J Hand},
  journal={Statistical Science},
  pages={235--249},
  year={2002},
  publisher={JSTOR}
}

@ARTICLE{ChamberlandV07, 
author={Jean-François Chamberland and Venugopal V. Veeravalli}, 
journal={Signal Processing Magazine, IEEE}, 
title={Wireless Sensors in Distributed Detection Applications}, 
year={2007}, 
volume={24}, 
number={3}, 
pages={16-25}, 
}


@ARTICLE{Krichevsky81, 
author={ Krichevsky, R. and Trofimov, V.}, 
journal={Information Theory, IEEE Transactions on}, 
title={The performance of universal encoding}, 
year={1981}, 
month={March}, 
volume={27}, 
number={2}, 
pages={ 199 - 207}, 
}

@inproceedings{DhillonGK02,
  author    = {Inderjit S. Dhillon and Yuqiang Guan and Jacob Kogan},
  title     = {Iterative Clustering of High Dimensional Text Data Augmented
               by Local Search},
  booktitle = ICDM02,
  year      = {2002},
}

@article{Sibson73,
author = {Robin Sibson}, 
title = {SLINK: An optimally efficient algorithm for the single-link cluster method},
volume = {16}, 
number = {1}, 
pages = {30-34}, 
year = {1973}, 
journal = {The Computer Journal} 
}
 
@InProceedings{OrlitskySVZ04,
  author = {Alon Orlitsky and Narayana P. Santhanam and Krishnamurthy Viswanathan and Junan Zhang},
  title = {On modeling profiles instead of values},
  booktitle = UAI04,
  year = 2004,
}

@article{MaXJ01,
  author    = {Jinwen Ma and Lei Xu and Michael I. Jordan},
  title     = {Asymptotic Convergence Rate of the EM Algorithm for Gaussian Mixtures},
  journal   = {Neural Computation},
  volume    = {12},
  number    = {12},
  year      = {2001},
}

@article{Tropp12,
  author    = {Joel A. Tropp},
  title     = {User-Friendly Tail Bounds for Sums of Random Matrices},
  journal   = {Foundations of Computational Mathematics},
  volume    = {12},
  number    = {4},
  year      = {2012},
  pages     = {389-434},
}

@article{Bai99,
    author = {Zhidong D. Bai},    
    title = {Methodologies in spectral analysis of large-dimensional random matrices, a review},
    journal = STATSIN,
    pages = {611--677},
    volume = {9},
    year = {1999}
}

@article{KarouiN05,
  author={El Karoui, Noureddine},
  title={Recent results about the largest eigenvalue of random covariance matrices and statistical application},
  journal=ACTPHY,
  volume={36},
  number={9},
  pages={2681},
  year={2005},
  publisher={Institute of Physics, Jagellonian University; 1999}
}

@article{Geman80,
  title={A limit theorem for the norm of random matrices},
  author={Stuart Geman},
  journal=ANNPRO,
  volume={8},
  number={2},
  pages={252--261},
  year={1980},
  publisher={Institute of Mathematical Statistics}
}

@article{AnandkumarHK12,
  author    = {Animashree Anandkumar and Daniel Hsu and Sham M. Kakade},
  title     = {A Method of Moments for Mixture Models and Hidden Markov Models},
  journal   = JMLRPT,
  volume    = {23},
  year      = {2012},
  pages     = {33.1-33.34},
}

@ARTICLE{ColemanGC79, 
author={Coleman, G.B. and Andrews, Harry C.}, 
journal=PIEEE, 
title={Image segmentation by clustering}, 
year={1979}, 
volume={67}, 
number={5}, 
pages={773-785}, 
}

@article{Good53,
author = {Irving John Good}, 
title = {The Population Frequencies of Species and the Estimation of Population Parameters},
volume = {40}, 
number = {3-4}, 
pages = {237-264}, 
year = {1953}, 
}

@inproceedings{DasguptaS00,
  author    = {Sanjoy Dasgupta and Leonard J. Schulman},
  title     = {A Two-Round Variant of {EM} for Gaussian Mixtures},
  booktitle = UAI00,
  year      = {2000},
}

@article{DasguptaS07,
  author    = {Sanjoy Dasgupta and Leonard J. Schulman},
  title     = {A Probabilistic Analysis of {EM} for Mixtures of Separated,  Spherical Gaussians},
  journal   = JMLR,
  volume    = {8},
  year      = {2007},
  pages     = {203-226},
}

@ARTICLE{ReynoldsR95, 
author={ Douglas A. Reynolds and Richard C. Rose}, 
title={Robust text-independent speaker identification using Gaussian mixture speaker models}, 
journal={IEEE Transactions on Speech and Audio Processing}, 
year={1995}, 
volume={3}, 
number={1}, 
pages={72-83}, 
}

@inproceedings{AcharyaJOS13b,
  author    = {Jayadev Acharya and  Ashkan Jafarpour and Alon Orlitsky and Ananda Theertha Suresh},
  title     = {A Competitive Test for Uniformity of Monotone Distributions},
  booktitle = {Proceedings of the 16th International Conference on Artificial Intelligence and Statistics (AISTATS)},
  year      = {2013},
}

@article{RednerW84,
  author = { Richard A. Redner and Homer F. Walker },
     title = {Mixture Densities, Maximum Likelihood and the Em Algorithm},   
     journal = {SIAM Review},
     volume = {26},
     number = {2},
     year = {1984},
}


@ARTICLE{FurediK81,
    author = {Zoltan Furedi and Janos Komlos},
    title = {The eigenvalues of random symmetric matrices},
    journal = {Combinatorica},
    year = {1981},
    volume = {1},
    pages = {233--241}
}


 
@article{Valiant10,
author    = {Gregory Valiant and  Paul Valiant},
  title={Estimating the unseen: A sublinear-sample canonical estimator of distributions},
  journal   = ECCC,
  volume    = {17},
  year      = {2010},
  pages     = {180},
  }
  
@inproceedings{SridharRH07,
 author = {Srinath Sridhar  and Satish Rao  and  Eran Halperin},
 title = {An efficient and accurate graph-based approach to detect population substructure},
 booktitle = {Proceedings of the 11th Annual International Conference on Research in Computational Molecular Biology},
  year      = {2007},
  pages     = {503-517},
} 



@article{PritchardSDD00,
  author={Jonathan K Pritchard and Matthew Stephens and  Peter Donnelly},
  title={Inference of Population Structure using Multilocus Genotype Data},
  journal={Genetics},
  volume={155},
  number={2},
  pages={945--959},
  year={2000},
  publisher={Genetics Soc America}
}
%%%link for open problem of Fischer
@article{Previous_authors,
  author={Eldar Fisher},
  title={Distinguishing Distributions with Conditional Samples},
  journal={Bertinoro 2014},
  year={2014},
  url    = {http://sublinear.info/66/},
}

@inproceedings{BalcanBBY12,
  author    = {Maria{-}Florina Balcan and
               Eric Blais and
               Avrim Blum and
               Liu Yang},
  title     = {Active Property Testing},
  booktitle = {53rd Annual {IEEE} Symposium on Foundations of Computer Science, {FOCS}
               2012, New Brunswick, NJ, USA, October 20-23, 2012},
  pages     = {21--30},
  year      = {2012},
}

%%added by moein from main.bib in scheffe folder on 3/29/2015

@inproceedings{MahalanabisS08,
  author    = {Satyaki Mahalanabis and
               Daniel Stefankovic},
  title     = {Density Estimation in Linear Time},
  booktitle = COLT08,
  year      = {2008},
  pages     = {503-512},
}
@book{DevroyeL01,
  author    = {Luc Devroye and Gabor Lugosi},
  title     = {Combinatorial Methods in Density Estimation},
  Year      = {2001},
  publisher = {Springer - verlag},
  address   = {New York},
}
@inproceedings{Scheffe47,
  author    = {Henry Scheffe},
  title     = {A useful convergence theorem for probability distributions},
  booktitle = {The Annals of Mathematical Statistics},
  year      = {1947},
  pages     = {434-438},
  volume    = {18},
}
@inproceedings{NegahbanOS12,
  author    = {Sahand Negahban and
               Sewoong Oh and
               Devavrat Shah},
  title     = {Iterative ranking from pair-wise comparisons},
  booktitle = {Advances in Neural Information Processing Systems 25: 26th Annual
               Conference on Neural Information Processing Systems 2012. Proceedings
               of a meeting held December 3-6, 2012, Lake Tahoe, Nevada, United States	},
  year      = {2012},
  pages     = {2483-2491},
}

@inproceedings{BravermanM08,
  author    = {Mark Braverman and
               Elchanan Mossel},
  title     = {Noisy sorting without resampling},
  booktitle = {Proceedings of the Nineteenth Annual {ACM-SIAM} Symposium on Discrete
               Algorithms. January 20-22, 2008, San Francisco, California, USA},
  year      = {2008},
  pages     = {268-276},
}
@inproceedings{AdlerGHKK94,
  author    = {Micah Adler and
               Peter Gemmell and
               Mor Harchol-Balter and
               Richard M. Karp and
               Claire Kenyon},
  title     = {Selection in the Presence of Noise: The Design of Playoff
               Systems},
  booktitle = {Proceedings of the Fifth Annual {ACM-SIAM} Symposium on Discrete Algorithms.
               23-25 January 1994, Arlington, Virginia},
  year      = {1994},
  pages     = {564-572},
}
@inproceedings{DuchiMJ10,
  author    = {John C. Duchi and
               Lester W. Mackey and
               Michael I. Jordan},
  title     = {On the Consistency of Ranking Algorithms},
  booktitle = {Proceedings of the 27th International Conference on Machine Learning
               (ICML-10), June 21-24, 2010, Haifa, Israel},
  year      = {2010},
  pages     = {327-334},
}
@article{Alon06,
  author    = {Noga Alon},
  title     = {Ranking Tournaments},
  journal   = {{SIAM} J. Discrete Math.},
  volume    = {20},
  number    = {1},
  year      = {2006},
  pages     = {137-142},
}
@article{CoppersmithFR10,
  author    = {Don Coppersmith and
               Lisa Fleischer and
               Atri Rudra},
  title     = {Ordering by weighted number of wins gives a good ranking
               for weighted tournaments},
  journal   = {ACM Transactions on Algorithms},
  volume    = {6},
  number    = {3},
  year      = {2010},
}
@article{AilonCN08,
  author    = {Nir Ailon and
               Moses Charikar and
               Alantha Newman},
  title     = {Aggregating inconsistent information: Ranking and clustering},
  journal   = {J. ACM},
  volume    = {55},
  number    = {5},
  year      = {2008},
}

@article{Ailon12,
  author    = {Nir Ailon},
  title     = {An Active Learning Algorithm for Ranking from Pairwise Preferences
               with an Almost Optimal Query Complexity},
  journal   = {Journal of Machine Learning Research},
  volume    = {13},
  year      = {2012},
  pages     = {137-164},
}

@inproceedings{XiaLL09,
  author    = {Fen Xia and
               Tie-Yan Liu and
               Hang Li},
  title     = {Statistical Consistency of Top-k Ranking},
  booktitle = {Advances in Neural Information Processing Systems 22: 23rd Annual
               Conference on Neural Information Processing Systems 2009. Proceedings
               of a meeting held 7-10 December 2009, Vancouver, British Columbia,
               Canada},
  year      = {2009},
  pages     = {2098-2106},
}


@article{CossockZ08,
  author    = {David Cossock and
               Tong Zhang},
  title     = {Statistical Analysis of {B}ayes Optimal Subset Ranking},
  journal   = {IEEE Transactions on Information Theory},
  volume    = {54},
  number    = {11},
  year      = {2008},
  pages     = {5140-5154},
}

@inproceedings{McdiarmidH92,
  title={Strong concentration for Quicksort},
  author={McDiarmid, Colin and Hayward, Ryan},
  booktitle={Proceedings of the Third Annual {ACM/SIGACT-SIAM} Symposium on Discrete
               Algorithms, 27-29 January 1992, Orlando, Florida},
  pages={414--421},
  year={1992},
}

@article{McdiarmidH96,
  title={Large deviations for Quicksort},
  author={McDiarmid, Colin and Hayward, Ryan B},
  journal={journal of algorithms},
  volume={21},
  number={3},
  pages={476--507},
  year={1996},
  publisher={Elsevier}
}

@inproceedings{FeigePRU90,
  author    = {Uriel Feige and
               David Peleg and
               Prabhakar Raghavan and
               Eli Upfal},
  title     = {Computing with Unreliable Information (Preliminary Version)},
  booktitle = {STOC},
  year      = {1990},
  pages     = {128-137},
}

@inproceedings{KarpK07,
  author    = {Richard M. Karp and
               Robert Kleinberg},
  title     = {Noisy binary search and its applications},
  booktitle = {Proceedings of the Eighteenth Annual {ACM-SIAM} Symposium on Discrete
               Algorithms, {SODA} 2007, New Orleans, Louisiana, USA, January 7-9,
               2007},
  year      = {2007},
  pages     = {881-890},
}
@incollection{AjtaiFHN09,
  title={Sorting and selection with imprecise comparisons},
  author={Ajtai, Mikl{\'o}s and Feldman, Vitaly and Hassidim, Avinatan and Nelson, Jelani},
  booktitle={Automata, Languages and Programming},
  pages={37--48},
  year={2009},
  publisher={Springer}
}
@article{AjtaiFHN15:old,
  title={Sorting and Selection with Imprecise Comparisons},
  author={Ajtai, Miklos and Feldman, Vitaly and Hassidim, Avinatan and Nelson, Jelani},
  journal   = CoRR,
  volume    = {abs/1501.02911},
  year={2015}
}

@article{AjtaiFHN15,
 author = {Ajtai, Mikl\'{o}s and Feldman, Vitaly and Hassidim, Avinatan and Nelson, Jelani},
 title = {Sorting and Selection with Imprecise Comparisons},
 journal = {ACM Trans. Algorithms},
 volume = {12},
 number = {2},
 month = nov,
 year = {2015},
 issn = {1549-6325},
 pages = {19:1--19:19},
 numpages = {19},
 publisher = {ACM},
 address = {New York, NY, USA},
} 

@book{Donald99,
  title={The art of computer programming: sorting and searching},
  author={Knuth, Donald Ervin},
  volume={3},
  year={1998},
  publisher={Pearson Education}
}

@article{Hennequin89,
  title={Combinatorial analysis of quicksort algorithm},
  author={Hennequin, Pascal},
  journal={Informatique th{\'e}orique et applications},
  volume={23},
  number={3},
  pages={317--333},
  year={1989},
  publisher={EDP Sciences}
}

@book{CormenLRS2009,
  title={Introduction to algorithms},
  author={Cormen, Thomas H and Leiserson, Charles E and Rivest, Ronald L and Stein, Clifford},
  year={2009},
  publisher={MIT press}
}


@inproceedings{Valiant84,
  author    = {Leslie G. Valiant},
  title     = {A Theory of the Learnable},
  booktitle = {Proceedings of the 16th Annual {ACM} Symposium on Theory of Computing,
               April 30 - May 2, 1984, Washington, DC, {USA}},
  pages     = {436--445},
  year      = {1984},
}

@book{David63,
  title={The method of paired comparisons},
  author={David, Herbert Aron},
  volume={12},
  year={1963},
  publisher={Defence Technical Information Center Document}
}

@article{Thurstone27,
  title={A law of comparative judgment.},
  author={Thurstone, Louis L},
  journal={Psychological review},
  volume={34},
  number={4},
  pages={273},
  year={1927},
  publisher={Psychological Review Company}
}
@article{JelaniNPC,
  title={Personal Communication},
  author={Jelani Nelson},
  journal = {},
  year={2015},
}

@article{BradleyT52,
  title={RANK ANALYSIS OF INCOMPLETE BLOCK DESIGNS THE METHOD OF PAIRED COMPARISONS},
  author={Bradley, Ralph Allan and Terry, Milton E},
  journal={Biometrika},
  volume={39},
  number={3-4},
  pages={324--345},
  year={1952},
  publisher={Biometrika Trust}
}

@article{Ekman59,
  title={Weber's law and related functions},
  author={Ekman, G{\"O}Sta},
  journal={The Journal of Psychology},
  volume={47},
  number={2},
  pages={343--352},
  year={1959},
  publisher={Taylor \& Francis}
}

@inproceedings{AMPP09,
  title={General auction mechanism for search advertising},
  author={Aggarwal, Gagan and Muthukrishnan, S and P{\'a}l, D{\'a}vid and P{\'a}l, Martin},
  booktitle={Proceedings of the 18th international conference on World wide web},
  pages={241--250},
  year={2009},
  organization={ACM}
}
@article{diako16,
  title={Robust Estimators in High Dimensions without the Computational Intractability},
  author={Diakonikolas, Ilias and Kamath, Gautam and Kane, Daniel and Li, Jerry and Moitra, Ankur and Stewart, Alistair},
  journal={arXiv preprint arXiv:1604.06443},
  year={2016}
}

@article{chen17a,
  title={An Instance Optimal Algorithm for Top-k Ranking under the Multinomial Logit Model},
  author={Chen, Xi and Li, Yuanzhi and Mao, Jieming},
  journal={arXiv preprint arXiv:1707.08238},
  year={2017}
}
@inproceedings{chen17b,
  title={Competitive analysis of the top-K ranking problem},
  author={Chen, Xi and Gopi, Sivakanth and Mao, Jieming and Schneider, Jon},
  booktitle={Proceedings of the Twenty-Eighth Annual ACM-SIAM Symposium on Discrete Algorithms},
  pages={1245--1264},
  year={2017},
  organization={SIAM}
}
@inproceedings{braverman16,
  title={Parallel algorithms for select and partition with noisy comparisons},
  author={Braverman, Mark and Mao, Jieming and Weinberg, S Matthew},
  booktitle={Proceedings of the forty-eighth annual ACM symposium on Theory of Computing},
  pages={851--862},
  year={2016},
  organization={ACM}
}
@article{braverman09,
  title={Sorting from noisy information},
  author={Braverman, Mark and Mossel, Elchanan},
  journal={arXiv preprint arXiv:0910.1191},
  year={2009}
}
@article{feige94,
  title={Computing with noisy information},
  author={Feige, Uriel and Raghavan, Prabhakar and Peleg, David and Upfal, Eli},
  journal={SIAM Journal on Computing},
  volume={23},
  number={5},
  pages={1001--1018},
  year={1994},
  publisher={SIAM}
}
@inproceedings{ben08,
  title={The bayesian learner is optimal for noisy binary search (and
                  pretty good for quantum as well)},
  author={Ben-Or, Michael and Hassidim, Avinatan},
  booktitle={Foundations of Computer Science, 2008. FOCS'08. IEEE 49th Annual IEEE Symposium on},
  pages={221--230},
  year={2008},
  organization={IEEE}
}
@article{plackett75,
  title={The analysis of permutations},
  author={Plackett, Robin L},
  journal={Applied Statistics},
  pages={193--202},
  year={1975},
  publisher={JSTOR}
}

@book{luce05,
  title={Individual choice behavior: A theoretical analysis},
  author={Luce, R Duncan},
  year={2005},
  publisher={Courier Corporation}
}

@inproceedings{szorenyi15,
  title={Online rank elicitation for plackett-luce: A dueling bandits approach},
  author={Sz{\"o}r{\'e}nyi, Bal{\'a}zs and Busa-Fekete, R{\'o}bert and Paul, Adil and H{\"u}llermeier, Eyke},
  booktitle={Advances in Neural Information Processing Systems},
  pages={604--612},
  year={2015}
}
@inproceedings{busa14,
  title={Preference-based rank elicitation using statistical models: The case of Mallows},
  author={Busa-Fekete, R{\'o}bert and H{\"u}llermeier, Eyke and Sz{\"o}r{\'e}nyi, Bal{\'a}zs},
  booktitle={Proceedings of the 31st International Conference on Machine Learning (ICML-14)},
  pages={1071--1079},
  year={2014}
}
@inproceedings{yue11,
  title={Beat the mean bandit},
  author={Yue, Yisong and Joachims, Thorsten},
  booktitle={Proceedings of the 28th International Conference on Machine Learning (ICML-11)},
  pages={241--248},
  year={2011}
}
@inproceedings{falahatgar17a,
  title={Maximum Selection and Ranking under Noisy Comparisons},
  author={Falahatgar, Moein and Orlitsky, Alon and Pichapati, Venkatadheeraj and Suresh, Ananda Theertha},
  booktitle={International Conference on Machine Learning},
  pages={1088--1096},
  year={2017}
}
@inproceedings{falahatgar17b,
  title={Maxing and Ranking with Few Assumptions},
  author={Falahatgar, Moein and Hao, Yi and Orlitsky, Alon and Pichapati, Venkatadheeraj and Ravindrakumar, Vaishakh},
  booktitle={Advances in Neural Information Processing Systems},
  pages={7060--7070},
  year={2017}
}
@article{heckel16,
  title={Active Ranking from Pairwise Comparisons and when Parametric Assumptions Don't Help},
  author={Heckel, Reinhard and Shah, Nihar B and Ramchandran, Kannan and Wainwright, Martin J},
  journal={arXiv preprint arXiv:1606.08842},
  year={2016}
}
@inproceedings{shah16,
  title={Stochastically transitive models for pairwise comparisons: Statistical and computational issues},
  author={Shah, Nihar and Balakrishnan, Sivaraman and Guntuboyina, Aditya and Wainwright, Martin},
  booktitle={International Conference on Machine Learning},
  pages={11--20},
  year={2016}
}
@inproceedings{falahatgar18,
  title={The Limits of Maxing, Ranking, and Preference Learning},
  author={Falahatgar, Moein and Jain, Ayush and Orlitsky, Alon and Pichapati, Venkatadheeraj and Ravindrakumar, Vaishakh},
  booktitle={International Conference on Machine Learning},
  pages={1426--1435},
  year={2018}
}


