@article{tseng2001convergence,
	  title={Convergence of a block coordinate descent method for nondifferentiable minimization},
	    author={Tseng, Paul},
		  journal={Journal of optimization theory and applications},
		    volume={109},
			  number={3},
			    pages={475--494},
				  year={2001},
				    publisher={Springer}
}

@Inproceedings{Chiang11a, 
  author={Kai-Yang Chiang and Nagarajan Natarajan and Ambuj Tewari and Inderjit S. Dhillon}, 
  title={Exploiting Longer Cycles for Link Prediction in Signed Networks}, 
  booktitle={International Conference on Information and Knowledge Management}, 
  year={2011}, 
  pages={1157--1162}
}


@Article{RF08a,
	allauthor = 	 {Rong-En Fan and Kai-Wei Chang and Cho-Jui Hsieh and
		Xiang-Rui Wang and Chih-Jen Lin},
	author = 	 {R.-E. Fan and K.-W. Chang and C.-J. Hsieh and X.-R. Wang and C.-J. Lin},
	title = 	 {{LIBLINEAR}: A Library for Large Linear Classification},
	journal = 	 {Journal of Machine Learning Research},
	year = 	 {2008},
	volume =	 {9},
	pages =	 {1871--1874}
}


@INPROCEEDINGS{Hsieh12a,
	allauthor={Cho-Jui Hsieh and Kai-Yang Chiang and Inderjit S. Dhillon},
	author={C.-J. Hsieh and K.-Y. Chiang and I. S. Dhillon},
	title={Low Rank Modeling of Signed Networks},
	booktitle={International Conference on Knowledge Discovery and Data Mining},
	year={2012},
	pages={507--515}
}

@INPROCEEDINGS{Leskovec10a,
  allauthor = {Jure Leskovec and Daniel Huttenlocher and Jon Kleinberg},
  author = {J. Leskovec and D. Huttenlocher and J. Kleinberg},
  title = {Predicting positive and negative links in online social networks},
  booktitle = {International Conference on World Wide Web},
  year = {2010},
  pages = {641--650}
}

@Article{Candes09a, 
  title={The power of convex relaxation: Near-optimal matrix completion}, 
  allauthor={Emmanuel J. Cand\`{e}s and Terence Tao}, 
  author={E. J. Cand\`{e}s and T. Tao}, 
  journal={IEEE Transaction of Information Theory}, 
  year={2009},
  volume={56}, 
  number={5},
  pages={2053--2080}, 
}

@Inproceedings{Jain10a, 
  title={Guaranteed Rank Minimization via Singular Value Projection}, 
  allauthor = {Prateek Jain and Reghu Meka and Inderjit S. Dhillon},
  author = {P. Jain and R. Meka and I. S. Dhillon},
  booktitle={Advances in Neural Information Processing Systems}, 
  pages = {934--945}, 
  year={2010}, 
}

@Article{Cai10a,
	allauthor={Jian-Feng Cai and Emmanuel J. Cand\`{e}s and Zuowei Shen},
	author={J.-F. Cai and E. J. Cand\`{e}s and Z. Shen},
	title={A singular value thresholding algorithm for matrix completion},
	journal={Society for Industrial and Applied Mathematics},
  	year={2010},
	volume={20},
	number={4},
	pages={1956--1982},
}

@Article{Koren09a,
	allauthor={Yehuda Koren and Robert M. Bell and Chris Volinsky}, 
	author={Y. Koren and R. M. Bell and C. Volinsky}, 
	title={Matrix factorization techniques for recommender systems}, 
	journal={IEEE Computer}, 
  	volume={42},
  	pages={30--37},
	year={2009},
}

@Inproceedings{Kunegis09a,
  author={J\'{e}r\^{o}me Kunegis and Andreas Lommatzsch and Christian Bauckhage}, 
  title={The Slashdot Zoo: Mining a Social Network with Negative Edges},
  booktitle={Proceedings of the 18th International Conference on World Wide Web}, 
  year={2009}, 
  pages={741--750}, 
}

@Inproceedings{Kunegis10a,
  author={J\'{e}r\^{o}me Kunegis and Stephan Schmidt and Andreas Lommatzsch and J\"{u}rgen Lerner and Ernesto W. DeLuca and Sahin Albayrak}, 
  title={Spectral Analysis of signed graphs for clustering, prediction and visualization}, 
  booktitle={Proceedings of the SIAM International Conference on Data Mining},
  year={2010}, 
  pages={559--570}, 
}

@INPROCEEDINGS{Leskovec10b,
 author = {Jure Leskovec and Daniel Huttenlocher and Jon Kleinberg},
 title = {Signed networks in social media},
 booktitle = {Proceedings of the SIGCHI Conference on Human Factors in Computing Systems},
 year = {2010},
 pages={1361--1370},
} 

@INPROCEEDINGS{Anchuri12a,
	author={Pranay Anchuri and Malik Magdon-Ismail},
	title={Communities and Balance in Signed Networks: A Spectral Approach},
	booktitle = {Proceedings of the 2012 International Conference on Advances in Social Networks Analysis and Mining},
	year={2012},
	pages = {235--242},
}

@ARTICLE{Bansal04a,
	author={Nikihil Bansal and Avrim Blum and Shuchi Chawla},
	title={Correlation Clustering},
	journal={Machine Learning},
	year={2004},
	volume={56},
	pages={89--113},
}

@ARTICLE{Demaine05a,
	author={Erik D. Demaine and Dotan Emanuel and Amos Fiat and Nicole Immorlica},
	title={Correlation clustering in general weighted graphs},
	journal={Theoretical Computer Science},
	year={2006},
	volume={361},
	number={2-3},
	pages={172--187},
}


@INPROCEEDINGS{Fazel01a,
	allauthor={Maryam Fazel and Haitham Hindi and Stephen P. Boyd},
	author={M. Fazel and H. Hindi and S. P. Boyd},
	title={A Rank Minimization Heuristic with Application to Minimum Order System Approximation},
	year={2001},
	booktitle={American Control Conference},
	volume={6},
	pages={4734--4739},
}

@inproceedings{Jain13a,
	allauthor={Prateek Jain and Praneeth Netrapalli and Sujay Sanghavi},
	author={P. Jain and P. Netrapalli and S. Sanghavi},
	title={Low-rank Matrix Completion using Alternating Minimization},
	booktitle={Symposium on Theory of Computing},
	pages={665--674},
	year={2013},
}

@article{Yu13a,
	author={Hsiang-Fu Yu and Cho-Jui Hsieh and Si Si and Inderjit S. Dhillon},
	title={Parallel Matrix Factorization for Recommender Systems},
	journal={Knowledge and Information Systems},
	year={2013},
}

@article{Menon11a,
	allauthor={Aditya Krishna Menon and Charles Elkan},
	author={A. K. Menon and C. Elkan},
	title={Link Prediction via Matrix Factorization},
	journal={European Conference on Machine Learning and Knowledge Discovery in Databases}, 
	year={2011},
	pages = {437--452},
}

%%%% NIPS 2015 paper

@inproceedings{AJ10a,
  title={A Dirty Model for Multi-task Learning},
  author={A. Jalali and P. Ravikumar and S. Sanghavi and C. Ruan},
  booktitle={NIPS},
  year={2010},
}


@article{VC12a,
  title={Latent Variable Graphical Model Selection via Convex Optimization},
  author={V. Chandrasekaran and P. A. Parrilo and A. S. Willsky},
  journal={The Annals of Statistics},
  year={2012},
}


@inproceedings{EY13a,
  title={Dirty Statistical Models}, 
  author={E. Yang and P. Ravikumar}, 
  year={2013},
  booktitle={NIPS}, 
   }

@Book{Bertsekas95a,
  allauthor      = {Dimitri P. Bertsekas},
  author      = {D. P. Bertsekas},
  title = 	 {Nonlinear Programming},
  year = 	 {1999},
  edition =	 {Second},
}


@INPROCEEDINGS{Hsieh14a,
  title = {Nuclear Norm Minimization via Active Subspace Selection},
  allauthor = {Cho-Jui Hsieh and Peder A. Olsan},
  author = {C.-J. Hsieh and P. A. Olsan},
  booktitle = {International Conference on Machine Learning},
  year = {2014}
}

@INPROCEEDINGS{Xu13a,
  title = {Speedup Matrix Completion with Side Information: Application to Multi-Label Learning},
  allauthor = {Miao Xu and Rong Jin and Zhi-Hua Zhou},
  author = {M. Xu and R. Jin and Z.-H. Zhou},
  booktitle = {Advances in Neural Information Processing Systems},
  year = {2013}
}

@INPROCEEDINGS{Yi13a,
  title = {Semi-supervised Clustering by Input Pattern Assisted Pairwise Similarity Matrix Completion},
  allauthor = {Jinfeng Yi and Lijun Zhang and Rong Jin and Qi Qian and Anil Jain},
  author = {J. Yi and L. Zhang and R. Jin and Q. Qian and A. Jain},
  booktitle = {International Conference on Machine Learning},
  year = {2013}
}

@article{Chiang14a,
	allauthor  = {Kai-Yang Chiang and Cho-Jui Hsieh and Nagarajan Natarajan and Inderjit S. Dhillon and Ambuj Tewari},
	author  = {K.-Y. Chiang and C.-J. Hsieh and N. Natarajan and I. S. Dhillon and A. Tewari},
	title   = {Prediction and Clustering in Signed Networks: A Local to Global Perspective},
	journal = {Journal of Machine Learning Research},
	year    = {2014},
	volume  = {15},
	pages   = {1177-1213},
}

@Inproceedings{Massa06a,
	allauthor = {Massa, Paolo and Avesani, Paolo}, 
	author = {Massa, P. and Avesani, P.}, 
	title = {Trust-aware bootstrapping of recommender systems},
	year = {2006},
	booktitle = {ECAI Workshop on Recommender Systems},
	pages = {29--33}
}

@misc{Bache13a,
	author = "K. Bache and M. Lichman",
	year = "2013",
	title = "{UCI} Machine Learning Repository",
	url = "http://archive.ics.uci.edu/ml",
	institution = "University of California, Irvine, School of Information and Computer Sciences" 
} 

@article{Jain13b,
	allauthor    = {Prateek Jain and Inderjit S. Dhillon},
	author    = {P. Jain and I. S. Dhillon},
	title     = {Provable Inductive Matrix Completion},
	journal   = {CoRR},
	volume    = {abs/1306.0626},
	year      = {2013}
}

@article{Chen12a,
	allauthor = {Chen, Tianqi and Zhang, Weinan and Lu, Qiuxia and Chen, Kailong and Zheng, Zhao and Yu, Yong},
	author = {Chen, T. and Zhang, W. and Lu, Q. and Chen, K. and Zheng, Z. and Yu, Y.},
	title = {{SVDFeature}: A Toolkit for Feature-based Collaborative Filtering},
	journal = {Journal of Machine Learning Research},
	volume = {13},
	year = {2012},
	pages = {3619--3622}
}

@article{Natarajan14a,
	allauthor = {Nagarajan Natarajan and Inderjit S. Dhillon},
	author = {N. Natarajan and I. S. Dhillon},
	title = {Inductive matrix completion for predicting gene-disease associations},
	pages = {60--68},
	year = {2014},
	volume = {30},
	number = {12},
	journal = {Bioinformatics},
}

@article{Grippo99a,
	allauthor = {Luigi Grippo and Marco Sciandrone},
	author = {L. Grippo and M. Sciandrone},
	title = {Globally convergent block-coordinate techniques for unconstrained optimization},
	journal = {Optimization Methods and Software},
	volume = {10},
	pages = {587--637},
	year = {1999},
}

@article{Bartlett02a,
	allauthor = {Peter L. Bartlett and Shahar Mendelson},
	author = {P. L. Bartlett and S. Mendelson},
	title = {{R}ademacher and {G}aussian Complexities: Risk Bounds and
		Structural Results},
	journal = {Journal of Machine Learning Research},
	volume = {3},
	year = {2003},
	pages = {463--482},
} 

@INPROCEEDINGS{SK08a,
  title = {On the Complexity of Linear Prediction: Risk Bounds, Margin Bounds, and Regularization},
  allauthor = {Sham M. Kakade and Karthik Sridharan and Ambuj Tewari},
  author = {S. M. Kakade and K. Sridharan and A. Tewari},
  booktitle = {Advances in Neural Information Processing Systems},
  year = {2008},
  pages = {793 -- 800}
}

@article{BL00a,
	author={B. Laurent and P. Massart},
	title={Adaptive Estimation of a Quadratic Functional by Model Selection},
	journal={The Annals of Statistics},
	volume={28},
	number={5},
	year={2000},
	pages={1302--1338},
}

@article{Candes11a, 
	allauthor = {Cand\`{e}s, Emmanuel J. and Li, Xiaodong and Ma, Yi and Wright, John},
	author = {Cand\`{e}s, E. J. and Li, X. and Ma, Y. and Wright, J.},
	title = {Robust Principal Component Analysis?},
	journal = {Journal of ACM},
	volume = {58},
	number = {3},
	year = {2011},
	pages = {11:1--11:37},
} 

@article{Candes12a,
	allauthor = {Cand\`{e}s, Emmanuel J. and Recht, Benjamin},
	author = {Cand\`{e}s, E. J. and Recht, B.},
	title = {Exact Matrix Completion via Convex Optimization},
	journal = {Communications of the ACM},
	volume = {55},
	number = {6},
	year = {2012},
	pages = {111--119},
}

@article{Shamir14a,
	allauthor = {Shamir, Ohad and Shalev-Shwartz, Shai},
	author = {Shamir, O. and Shalev-Shwartz, S.},
	title = {Matrix Completion with the Trace Norm: Learning, Bounding, and Transducing},
	journal = {Journal of Machine Learning Research},
	volume = {15},
	number = {1},
	year = {2014},
	pages = {3401--3423},
} 

@INPROCEEDINGS{Srebro05a,
	allauthor = {Nathan Srebro and Adi Shraibman},
	author = {N. Srebro and A. Shraibman},
	title = {Rank, trace-norm and max-norm},
	booktitle = {Annual Conference on Learning Theory},
	year = {2005},
	pages = {545--560},
}

@article{RM03a, 
	allauthor = {Ron Meir and Tong Zhang},
	author = {R. Meir and T. Zhang},
	title = {Generalization Error Bounds for Bayesian Mixture Algorithms},
	year = {2003},
	volume = {4},
	pages = {839--860},
	journal = {Journal of Machine Learning Research},
}

@article{UF02a,
	allauthor = {Uriel Feige and Gideon Schechtman},
	author = {U. Feige and G. Schechtman},
	title = {On the Optimality of the Random Hyperplane Rounding Technique
		for Max Cut},
	journal = {Random Structures and Algorithms},
	volume = {20},
	number = {3},
	year = {2002},
	pages = {403--440},
}

@ARTICLE{MR09a,
	author = {Mark Rudelson and Roman Vershynin},
	title = {Smallest singular value of a random rectangular matrix},
	journal = {Comm. Pure Appl. Math},
	year = {2009},
	pages = {1707--1739}
}

@article{Chen14a,
	allauthor = {Chen, Yudong and Jalali, Ali and Sanghavi, Sujay and Xu, Huan},
	author = {Chen, Y. and Jalali, A. and Sanghavi, S. and Xu, H.},
	title = {Clustering Partially Observed Graphs via Convex Optimization},
	journal = {Journal of Machine Learning Research},
	volume = {15},
	number = {1},
	year = {2014},
	pages = {2213--2238},
}

@inproceedings{Davis07a,
	allauthor = {Davis, Jason V. and Kulis, Brian and Jain, Prateek and Sra, Suvrit and Dhillon, Inderjit S.},
	author = {Davis, J. V. and Kulis, B. and Jain, P. and Sra, S. and Dhillon, I. S.},
	title = {Information-theoretic Metric Learning},
	booktitle = {International Conference on Machine Learning},
	year = {2007},
	pages = {209--216},
} 

@inproceedings{Li09a,
	allauthor = {Zhenguo Li and Jianzhuang Liu},
	author = {Z. Li and J. Liu},
	title = {Constrained Clustering by Spectral Kernel Learning},
	booktitle = {International Conference on Computer Vision},
	year = {2009},
}

@inproceedings{YC14b,
	allauthor = {Yudong Chen and Srinadh Bhojanapalli and Sujay Sanghavi and Rachel Ward},
	Author = {Y. Chen and S. Bhojanapalli and S. Sanghavi and R. Ward},
	Title = {Coherent Matrix Completion},
	Pages = {674-682},
	Year = {2014},
	Booktitle = {International Conference on Machine Learning}
} 

@article{SN12a,
	allauthor = {Negahban, Sahand and Wainwright, Martin J.},
	author = {Negahban, S. and Wainwright, M. J.},
	title = {Restricted Strong Convexity and Weighted Matrix Completion: Optimal Bounds with Noise},
	journal = {Journal of Machine Learning Research},
	volume = {13},
	number = {1},
	year = {2012},
	pages = {1665--1697},
}

@inproceedings{RA10a,
	allauthor = {Adams, Ryan P. and Dahl, George E. and Murray, Iain},
	author = {Adams, R. P. and Dahl, G. E. and Murray, I.},
	booktitle = {Uncertainty in Artificial Intelligence},
	pages = {1--9},
	title = {Incorporating Side Information into Probabilistic Matrix Factorization Using
		{G}aussian Processes},
	year = {2010}
}

@article{Abernethy09a,
	allauthor = {Abernethy, J. and Bach, F. and Evgeniou, Th. and Vert, Jean-Philippe},
	author = {Abernethy, J. and Bach, F. and Evgeniou, T. and Vert, J.},
	title = {A New Approach to Collaborative Filtering: Operator Estimation with Spectral Regularization},
	journal = {Journal of Machine Learning Research},
	volume = {10},
	year = {2009},
	pages = {803--826}
} 

@inproceedings{Menon11b,
	allauthor = {Menon, Aditya Krishna and Chitrapura, Krishna-Prasad and Garg, Sachin and Agarwal, Deepak and Kota, Nagaraj},
	author = {Menon, A. K. and Chitrapura, K. and Garg, S. and Agarwal, D. and Kota, N.},
	title = {Response Prediction Using Collaborative Filtering with Hierarchies and Side-information},
	booktitle = {International Conference on Knowledge Discovery and Data Mining},
	year = {2011},
	pages = {141--149},
} 

@article{Recht11a,
	allauthor = {Benjamin Recht},
	author = {B. Recht},
	title = {A Simpler Approach to Matrix Completion},
	journal = {Journal of Machine Learning Research},
	volume = {12},
	year = {2011},
	pages = {3413--3430},
}

@article{RK10a,
	allauthor = {Keshavan, Raghunandan H. and Montanari, Andrea and Oh, Sewoong},
	author = {Keshavan, R. H. and Montanari, A. and Oh, S.},
	title = {Matrix Completion from Noisy Entries},
	journal = {Journal of Machine Learning Research},
	volume = {11},
	year = {2010},
	pages = {2057--2078},
} 

@article{EC10b,
	allauthor = {Cand\`{e}s, Emmanuel J. and Plan, Yaniv},
	author = {Cand\`{e}s, E. J. and Plan, Y.},
	title = {Matrix completion with noise},
	journal = {Proceedings of the IEEE},
	volume = {98},
	number = {6},
	year = {2010},
	pages = {925--936},
}

@inproceedings{Shin15a,
	allauthor = {Shin, Donghyuk and Cetintas, Suleyman and Lee, Kuang-Chih and Dhillon, Inderjit S.},
	author = {Shin, D. and Cetintas, S. and Lee, K.-C. and Dhillon, I. S.},
	title = {Tumblr Blog Recommendation with Boosted Inductive Matrix Completion},
	booktitle = {International Conference on Information and Knowledge Management},
	year = {2015},
	pages = {203--212},
}

@inproceedings{Zhong15a,
	title = {Efficient Matrix Sensing using Rank-1 {G}aussian Measurements},
	allauthor = {Kai Zhong and Prateek Jain and Inderjit S. Dhillon},
	author = {K. Zhong and P. Jain and I. S. Dhillon},
	booktitle = {International Conference on Algorithmic Learning Theory},
	year = {2015},
}



%%% ICML 2016 paper
@article{PH96a,
	author = {Hancock, P. and Burton, A. and Bruce, V.},
	year = {1996},
	title = {Face Processing: Human Perception and Principal Components Analysis},  
	journal = {Memory and Cognition},
	volume = {24}, 
	pages = {26–0}
}

@article{OA00a,
	author = {Alter, Orly and Brown, Patrick O. and Botstein, David},
	journal = {Proceedings of the National Academy of Sciences},
	month = {august},
	number = {18},
	title = {Singular value decomposition for genome-wide expression data processing and modeling},
	volume = {97},
	year = {2000}
}

@article{CC01a,
	allauthor = {Chang, Chih-Chung and Lin, Chih-Jen},
	author = {Chang, C.-C. and Lin, C.-J.},
	title = {{LIBSVM}: A library for support vector machines},
	journal = {ACM Transactions on Intelligent Systems and Technology},
	volume = {2},
	issue = {3},
	year = {2011},
	pages = {27:1--27:27},
}

@INPROCEEDINGS{Wright09a,
	allauthor = {John Wright and Arvind Ganesh and Shankar Rao and Yigang Peng and Yi Ma},
	author = {J. Wright and A. Ganesh and S. Rao and Y. Peng and Y. Ma},
	title = {Robust principal component analysis: Exact recovery of corrupted low-rank matrices via convex optimization},
	booktitle = {Advances in Neural Information Processing Systems},
	year = {2009}
}

@inproceedings{ZL09a,
	allauthor = {Zhouchen Lin and Arvind Ganesh and John Wright and Leqin Wu and Minming Chen and Yi Ma},
	author = {Z. Lin and A. Ganesh and J. Wright and L. Wu and M. Chen and Y. Ma},
	title = {Fast convex optimization algorithms for exact recovery of a corrupted low-rank matrix},
	booktitle = {Computational Advances in Multi-Sensor Adaptive Processing},
	year = {2009},
}

@article{XY09a,
	allauthor = {Xiaoming Yuan and Junfeng Yang},
	author = {X. Yuan and J. Yang},
	title = {Sparse and low-rank matrix decomposition via alternating direction methods},
	journal = {Preprint},
	year = {2009},
}

@article{ZL10a,
	allauthor = {Zhouchen Lin and Minming Chen and Yi Ma},
	author = {Z. Lin and M. Chen and Y. Ma},
	title = {The augmented Lagrange multiplier method for exact recovery of a corrupted low-rank matrices},
	journal = {Mathematical Programming},
	year = {2010},
}

@article{RV10a,
	title={Introduction to the non-asymptotic analysis of random matrices},
	allauthor={Roman Vershynin},
	author={R. Vershynin},
	journal={CoRR abs/1011.3027},
	year={2010},
}

@article{VC11a,
	allauthor = {Venkat Chandrasekaran and Sujay Sanghavi and Pablo A. Parrilo and Alan S. Willsky},
	author = {V. Chandrasekaran and S. Sanghavi and P. A. Parrilo and A. S. Willsky},
	title = {Rank-Sparsity Incoherence for Matrix Decomposition},
	journal = {SIAM Journal on Optimization}, 
	volume = {21}, 
	number = {2},
	year = {2011}, 
}

@article{Gross11a,
	allauthor = {Gross, David},
	author = {Gross, D.},
	title = {Recovering Low-Rank Matrices From Few Coefficients in Any Basis},
	journal = {IEEE Transaction of Information Theory},
	volume = {57},
	number = {3},
	year = {2011},
	pages = {1548--1566},
} 

@article{MT91a,
	allauthor = {Turk, Matthew and Pentland, Alex},
	author = {Turk, M. and Pentland, A.},
	title = {Eigenfaces for Recognition},
	journal = {Journal of Cognitive Neuroscience},
	volume = {3},
	number = {1},
	year = {1991},
	pages = {71--86},
} 

@inproceedings{JM14a, 
	title = {Compressed Sensing With Side Information: Geometrical Interpretation and Performance Bounds},
	author = {Joao F. C. Mota and Nikos Deligiannis and Miguel R. D. Rodrigues},
	booktitle = {IEEE Global Conf. Sig. and Inf. Proc},
	year = {2014},
	pages = {675 -- 679},
}

@inproceedings{Chiang15a,
	title = {Matrix Completion with Noisy Side Information},
	allauthor = {Kai-Yang Chiang and Cho-Jui Hsieh and Inderjit S. Dhillon},
	author = {K.-Y. Chiang and C.-J. Hsieh and I. S. Dhillon},
	booktitle = {Advances in Neural Information Processing Systems},
	year = {2015},
}

@inproceedings{Ha15a,
	title = {Robust {P}{C}{A} with compressed data},
	allauthor = {Wooseok Ha and Rina Foygel Barber},
	author = {W. Ha and R. F. Barber},
	booktitle = {Advances in Neural Information Processing Systems},
	year = {2015},
}

@inproceedings{Liu10a,
	allauthor = {Guangcan Liu and Zhouchen Lin and Yong Yu},
	author = {G. Liu and Z. Lin and Y. Yu},
	title = {Robust Subspace Segmentation by Low-Rank Representation},
	year = {2010},
	booktitle = {International Conference on Machine Learning},
}

@ARTICLE{Liu13a,
	allauthor = {Guangcan Liu and Zhouchen Lin and Shuicheng Yan and Ju Sun and Yong Yu and Yi Ma},
	author = {G. Liu and Z. Lin and S. Yan and J. Sun and Y. Yu and Y. Ma},
	title = {Robust recovery of subspace structures by low-rank representation},
	journal = {IEEE Transactions on Pattern Aanalysis and Machine Intelligence},
	year = {2013},
	volume = {35},
	number = {1},
	pages = {171--184}
}

@inproceedings{Chiang16a,
	title = {Robust Principal Component Analysis with Side Information},
	allauthor = {Kai-Yang Chiang and Cho-Jui Hsieh and Inderjit S. Dhillon},
	author = {K.-Y. Chiang and C.-J. Hsieh and I. S. Dhillon},
	booktitle = {International Conference on Machine Learning},
	year = {2016},
}

@article{Eckart36a,
	allauthor = {Carl Eckart and Gale Young},
	author = {C. Eckart and G. Young},
	title = {The approximation of one matrix by another of lower rank},
	journal = {Psychometrika},
	volume = {1},
	number = {3},
	year = {1936},
	pages = {211--218},
} 

@article{Harold33a,
	allauthor = {Hotelling, Harold},
	author = {Hotelling, H.},
	title = {Analysis of a complex of statistical variables into principal components},
	journal = {Journal of Educational Psychology},
	volume = {24},
	number = {6},
	year = {1933},
	pages = {417--441},
} 

@inproceedings{Xu10a,
	allauthor = {Xu, Huan and Caramanis, Constantine and Sanghavi, Sujay},
	author = {Xu, H. and Caramanis, C. and Sanghavi, S.},
	title = {Robust {P}{C}{A} via Outlier Pursuit},
	booktitle = {Advances in Neural Information Processing Systems},
	year = {2010},
	pages = {2496--2504},
} 


@inproceedings{Shang14a,
	allauthor = {Shang, Fanhua and Liu, Yuanyuan and Cheng, James and Cheng, Hong},
	author = {Shang, F. and Liu, Y. and Cheng, J. and Cheng, H.},
	title = {Robust Principal Component Analysis with Missing Data},
	booktitle = {International Conference on Conference on Information and Knowledge Management},
	year = {2014},
	pages = {1149--1158},
} 

@article{Chen13a,
	allauthor = {Chen, Yudong and Jalali, Ali and Sanghavi, Sujay and Caramanis, Constantine},
	author = {Chen, Y. and Jalali, A. and Sanghavi, S. and Caramanis, C.},
	title = {Low-Rank Matrix Recovery From Errors and Erasures},
	journal = {IEEE Transaction of Information Theory},
	volume = {59},
	number = {7},
	year = {2013},
	pages = {4324--4337},
}

@inproceedings{Hsieh15a,
	allauthor = "Cho-Jui Hsieh AND Nagarajan Natarajan AND Inderjit S. Dhillon",
	author = "C.-J. Hsieh AND N. Natarajan AND I. S. Dhillon",
	title = "{P}{U} Learning for Matrix Completion",
	booktitle = "International Conference on Machine Learning",
	year = "2015",
	allpages = "2445-2453"
}

@article{Nowell07a,
	author = {Liben-Nowell, D. and Kleinberg, J.},
	title = {The Link-prediction Problem for Social Networks},
	journal = {J. Am. Soc. Inf. Sci. Technol.},
	volume = {58},
	number = {7},
	year = {2007},
	pages = {1019--1031},
} 
