%% This BibTeX bibliography file was created using BibDesk.
%% http://bibdesk.sourceforge.net/

%% Created for Xiaoyi MAI at 2016-07-29 09:07:25 +0800 


%% Saved with string encoding Unicode (UTF-8) 
@inproceedings{couillet2016random,
  title={Random matrix improved subspace clustering},
  author={Couillet, Romain and Kammoun, Abla},
  booktitle={Asilomar Conference on Signals, Systems and Computers},
  pages={90--94},
  year={2016},
  organization={IEEE}
}

@inproceedings{delalleau2005efficient,
  title={Efficient Non-Parametric Function Induction in Semi-Supervised Learning.},
  author={Delalleau, Olivier and Bengio, Yoshua and Le Roux, Nicolas},
  booktitle={International Conference on Artificial Intelligence and Statistics (AISTATS)},
  volume={27},
  number={28},
  pages={100},
  year={2005}
}




@book{billingsley2008probability,
 author = {P. Billingsley},
 title = {{Probability and Measure}},
 publisher = {John Wiley and Sons, Inc.},
 address = {Hoboken, NJ},
 edition = {third},
 year = {1995}
}

@article{liao2017large,
  title={A large dimensional analysis of least squares support vector machines},
  author={Liao, Zhenyu and Couillet, Romain},
  journal={arXiv preprint arXiv:1701.02967},
  year={2017}
}



@misc{lecun1998mnist,
  title={The MNIST database of handwritten digits},
  author={LeCun, Yann and Cortes, Corinna and Burges, Christopher JC},
  year={1998}
}

@inproceedings{delalleau2005efficient,
  title={Efficient Non-Parametric Function Induction in Semi-Supervised Learning.},
  author={Delalleau, Olivier and Bengio, Yoshua and Le Roux, Nicolas},
  booktitle={International Conference on Artificial Intelligence and Statistics (AISTATS)},
  volume={27},
  number={28},
  pages={100},
  year={2005}
}
@inproceedings{belkin2004regularization,
  title={Regularization and semi-supervised learning on large graphs},
  author={Belkin, Mikhail and Matveeva, Irina and Niyogi, Partha},
  booktitle={International Conference on Computational Learning Theory (COLT)},
  pages={624--638},
  year={2004},
  organization={Springer}
}

@inproceedings{joachims2003transductive,
  title={Transductive learning via spectral graph partitioning},
  author={Joachims, Thorsten and others},
  booktitle={International Conference on Machine Learning},
  volume={3},
  pages={290--297},
  year={2003}
}

@inproceedings{zhou2004learning,
  title={Learning with local and global consistency},
  author={Zhou, Dengyong and Bousquet, Olivier and Lal, Thomas Navin and Weston, Jason and Sch{\"o}lkopf, Bernhard},
  journal={International Conference in Neural Information Processing Systems},
  volume={16},
  pages={321--328},
  year={2004}
}

@article{von2008consistency,
  title={Consistency of spectral clustering},
  author={Von Luxburg, Ulrike and Belkin, Mikhail and Bousquet, Olivier},
  journal={The Annals of Statistics},
  pages={555--586},
  year={2008},
  publisher={JSTOR}
}

@inproceedings{luxburg2004limits,
  title={Limits of spectral clustering},
  author={Luxburg, Ulrike V and Bousquet, Olivier and Belkin, Mikhail},
  booktitle={International Conference in Neural Information Processing Systems},
  pages={857--864},
  year={2004}
}

@article{jaakkola2002partially,
  title={Partially labeled classification with Markov random walks},
  author={Jaakkola, Martin Szummer Tommi and Szummer, Martin},
  journal={International Conference in Neural Information Processing Systems},
  volume={14},
  pages={945--952},
  year={2002}
}

@article{shi2000normalized,
  title={Normalized cuts and image segmentation},
  author={Shi, Jianbo and Malik, Jitendra},
  journal={IEEE Transactions on Pattern Analysis and Machine Intelligence},
  volume={22},
  number={8},
  pages={888--905},
  year={2000},
  publisher={IEEE}
}

@article{hagen1992new,
  title={New spectral methods for ratio cut partitioning and clustering},
  author={Hagen, Lars and Kahng, Andrew B},
  journal={IEEE Transactions on Computer-Aided Sesign of Integrated Circuits and Systems},
  volume={11},
  number={9},
  pages={1074--1085},
  year={1992},
  publisher={IEEE}
}

@article{sandryhaila2014discrete,
  title={Discrete signal processing on graphs: Frequency analysis},
  author={Sandryhaila, Aliaksei and Moura, Jose MF},
  journal={IEEE Transactions on Signal Processing},
  volume={62},
  number={12},
  pages={3042--3054},
  year={2014},
  publisher={IEEE}
}

@article{sandryhaila2013discrete,
  title={Discrete signal processing on graphs},
  author={Sandryhaila, Aliaksei and Moura, Jos{\'e} MF},
  journal={IEEE Transactions on Signal Processing},
  volume={61},
  number={7},
  pages={1644--1656},
  year={2013},
  publisher={IEEE}
}

@article{soltanolkotabi2014robust,
  title={Robust subspace clustering},
  author={Soltanolkotabi, Mahdi and Elhamifar, Ehsan and Candes, Emmanuel J and others},
  journal={The Annals of Statistics},
  volume={42},
  number={2},
  pages={669--699},
  year={2014},
  publisher={Institute of Mathematical Statistics}
}

@article{von2007tutorial,
  title={A tutorial on spectral clustering},
  author={Von Luxburg, Ulrike},
  journal={Statistics and computing},
  volume={17},
  number={4},
  pages={395--416},
  year={2007},
  publisher={Springer}
}
@techreport{zhu2002learning,
  title={Learning from labeled and unlabeled data with label propagation},
  author={Zhu, Xiaojin and Ghahramani, Zoubin},
  year={2002},
  institution={Citeseer}
}

@article{avrachenkov2011generalized,
  title={Generalized optimization framework for graph-based semi-supervised learning},
  author={Avrachenkov, Konstantin and Gon{\c{c}}alves, Paulo and Mishenin, Alexey and Sokol, Marina},
  journal={arXiv preprint arXiv:1110.4278},
  year={2011}
}

@book{zhu2005semi,
        title={Semi-supervised learning with graphs},
        author={Zhu, Xiaojin and Lafferty, John and Rosenfeld, Ronald},
        year={2005},
        publisher={Carnegie Mellon University, language technologies institute, school of computer science}
}

@book{chapelle2006ssl,
	Author = {Chapelle, Olivier and Sch{\"o}lkopf, Bernhard and Zien, Alexander},
	Publisher = {MIT press},
	Title = {Semi-Supervised Learning},
	Year = {2006}}
	
@inproceedings{zhu2003semi,
        title={Semi-supervised learning using gaussian fields and harmonic functions},
        author={Zhu, Xiaojin and Ghahramani, Zoubin and Lafferty, John and others},
        booktitle={International Conference on Machine Learning},
        volume={3},
        pages={912--919},
        year={2003}
}
	
@article{couillet2015kernel,
        Author = {Couillet, Romain and Benaych-Georges, Florent},
	Date-Added = {2016-06-03 12:00:00 +0000},
	Date-Modified = {2016-06-03 12:00:00 +0000},
	Journal = {arXiv preprint arXiv:1510.03547},
	Title = {Kernel spectral clustering of large dimensional data},
	Year = {2015}}

@article{couillet2015random,
	Author = {Couillet, Romain and Pascal, Fr{\'e}d{\'e}ric and Silverstein, Jack W},
	Date-Added = {2016-07-29 01:07:11 +0000},
	Date-Modified = {2016-07-29 01:07:11 +0000},
	Journal = {Journal of Multivariate Analysis},
	Pages = {56--78},
	Publisher = {Elsevier},
	Title = {The random matrix regime of Maronna's M-estimator with elliptically distributed samples},
	Volume = {139},
	Year = {2015}}

@article{el2010spectrum,
	Author = {El Karoui, Noureddine and others},
	Date-Added = {2016-07-24 09:11:44 +0000},
	Date-Modified = {2016-07-24 09:11:44 +0000},
	Journal = {The Annals of Statistics},
	Number = {1},
	Pages = {1--50},
	Publisher = {Institute of Mathematical Statistics},
	Title = {The spectrum of kernel random matrices},
	Volume = {38},
	Year = {2010}}

@book{scholkopf1999advances,
	Author = {Sch{\"o}lkopf, Bernhard and Burges, Christopher JC},
	Date-Added = {2016-07-12 15:19:51 +0000},
	Date-Modified = {2016-07-12 15:19:51 +0000},
	Publisher = {MIT press},
	Title = {Advances in Kernel Methods: Support Vector Learning},
	Year = {1999}}

@article{keerthi2003asymptotic,
	Author = {Keerthi, S Sathiya and Lin, Chih-Jen},
	Date-Added = {2016-07-11 12:30:19 +0000},
	Date-Modified = {2016-07-11 12:30:19 +0000},
	Journal = {Neural Computation},
	Number = {7},
	Pages = {1667--1689},
	Publisher = {MIT Press},
	Title = {Asymptotic behaviors of support vector machines with Gaussian kernel},
	Volume = {15},
	Year = {2003}}

@article{wan2005simulation,
	Author = {Wan, Xiaotao and Pekny, Joseph F and Reklaitis, Gintaras V},
	Date-Added = {2016-06-22 08:58:39 +0000},
	Date-Modified = {2016-06-22 08:58:39 +0000},
	Journal = {Computers \&amp; chemical engineering},
	Number = {6},
	Pages = {1317--1328},
	Publisher = {Elsevier},
	Title = {Simulation-based optimization with surrogate models---application to supply chain management},
	Volume = {29},
	Year = {2005}}

@article{van2004benchmarking,
	Author = {Van Gestel, Tony and Suykens, Johan AK and Baesens, Bart and Viaene, Stijn and Vanthienen, Jan and Dedene, Guido and De Moor, Bart and Vandewalle, Joos},
	Date-Added = {2016-06-16 09:34:14 +0000},
	Date-Modified = {2016-06-16 09:34:14 +0000},
	Journal = {Machine Learning},
	Number = {1},
	Pages = {5--32},
	Publisher = {Springer},
	Title = {Benchmarking least squares support vector machine classifiers},
	Volume = {54},
	Year = {2004}}

@inproceedings{ye2007svm,
	Author = {Ye, Jieping and Xiong, Tao},
	Booktitle = {International Conference on Artificial Intelligence and Statistics},
	Date-Added = {2016-06-16 09:33:55 +0000},
	Date-Modified = {2016-06-16 09:33:55 +0000},
	Pages = {644--651},
	Title = {Svm versus least squares svm},
	Year = {2007}}

@inproceedings{ali2016performance,
	Author = {Ali, Hafiz TIOMOKO and Couillet, Romain},
	Booktitle = {IEEE International Conference on Acoustics, Speech and Signal Processing},
	Date-Added = {2016-06-12 14:52:03 +0000},
	Date-Modified = {2016-06-12 14:52:03 +0000},
	Title = {Performance analysis of spectral community detection in realistic graph models},
	Year = {2016}}

@article{alirandom,
	Author = {Ali, Hafiz Tiomoko and Couillet, Romain},
	Date-Added = {2016-06-12 14:51:18 +0000},
	Date-Modified = {2016-06-12 14:51:18 +0000},
	Title = {Random matrix improved community detection in heterogeneous networks}}

@book{couillet2011random,
	Author = {Couillet, Romain and Debbah, Merouane},
	Date-Added = {2016-06-12 14:31:09 +0000},
	Date-Modified = {2016-06-12 14:31:09 +0000},
	Publisher = {Cambridge University Press},
	Title = {Random Matrix Methods for Wireless Communications},
	Year = {2011}}


@book{vapnik2013nature,
	Author = {Vapnik, Vladimir},
	Date-Added = {2016-06-10 09:47:18 +0000},
	Date-Modified = {2016-06-10 09:47:18 +0000},
	Publisher = {Springer Science \&amp; Business Media},
	Title = {The Nature of Statistical Learning Theory},
	Year = {2013}}


@article{marvcenko1967distribution,
	Author = {Mar{\v{c}}enko, Vladimir A and Pastur, Leonid A},
	Date-Added = {2016-06-08 11:16:44 +0000},
	Date-Modified = {2016-06-08 11:16:44 +0000},
	Journal = {Mathematics of the USSR-Sbornik},
	Number = {4},
	Pages = {457},
	Publisher = {IOP Publishing},
	Title = {Distribution of eigenvalues for some sets of random matrices},
	Volume = {1},
	Year = {1967}}



@article{suykens1999least,
	Author = {Suykens, Johan AK and Vandewalle, Joos},
	Date-Added = {2016-06-03 12:05:57 +0000},
	Date-Modified = {2016-06-03 12:05:57 +0000},
	Journal = {Neural Processing Letters},
	Number = {3},
	Pages = {293--300},
	Publisher = {Springer},
	Title = {Least squares support vector machine classifiers},
	Volume = {9},
	Year = {1999}}

@article{smola2004tutorial,
	Author = {Smola, Alex J and Sch{\"o}lkopf, Bernhard},
	Date-Added = {2016-06-03 12:04:04 +0000},
	Date-Modified = {2016-06-03 12:04:04 +0000},
	Journal = {Statistics and Computing},
	Number = {3},
	Pages = {199--222},
	Publisher = {Springer},
	Title = {A tutorial on support vector regression},
	Volume = {14},
	Year = {2004}}

@article{burges1998tutorial,
	Author = {Burges, Christopher JC},
	Date-Added = {2016-06-03 12:03:41 +0000},
	Date-Modified = {2016-06-03 12:03:41 +0000},
	Journal = {Data Mining and Knowledge Siscovery},
	Number = {2},
	Pages = {121--167},
	Publisher = {Springer},
	Title = {A tutorial on support vector machines for pattern recognition},
	Volume = {2},
	Year = {1998}}

@book{scholkopf2002learning,
	Author = {Sch{\"o}lkopf, Bernhard and Smola, Alexander J},
	Date-Added = {2016-06-03 12:03:08 +0000},
	Date-Modified = {2016-06-03 12:03:08 +0000},
	Publisher = {MIT press},
	Title = {Learning with Kernels: Support Vector Machines, Regularization, Optimization, and Beyond},
	Year = {2002}}
	
@inproceedings{anis2015asymptotic,
  title={Asymptotic justification of bandlimited interpolation of graph signals for semi-supervised learning},
  author={Anis, Aamir and El Gamal, Aly and Avestimehr, Salman and Ortega, Antonio},
  booktitle={IEEE International Conference on Acoustics, Speech and Signal Processing},
  pages={5461--5465},
  year={2015},
  organization={IEEE}
}
@article{belkin2006manifold,
  title={Manifold regularization: a geometric framework for learning from labeled and unlabeled examples},
  author={Belkin, Mikhail and Niyogi, Partha and Sindhwani, Vikas},
  journal={Journal of Machine Learning Research},
  volume={7},
  number={Nov},
  pages={2399--2434},
  year={2006}
}

@article{belkin2004semi,
  title={Semi-supervised learning on Riemannian manifolds},
  author={Belkin, Mikhail and Niyogi, Partha},
  journal={Machine learning},
  volume={56},
  number={1-3},
  pages={209--239},
  year={2004},
  publisher={Springer}
}
@inproceedings{nadler2009semi,
  title={Semi-supervised learning with the graph laplacian: the limit of infinite unlabelled data},
  author={Nadler, Boaz and Srebro, Nathan and Zhou, Xueyuan},
  booktitle={International Conference on Neural Information Processing Systems},
  pages={1330--1338},
  year={2009},
}
@inproceedings{globerson2017effective,
  title={Effective semi-supervised learning on manifolds},
  author={Globerson, Amir and Livni, Roi and Shalev-Shwartz, Shai},
  booktitle={International Conference on Learning Theory (COLT)},
  pages={978--1003},
  year={2017}
}
@incollection{bickel2007local,
  title={Local polynomial regression on unknown manifolds},
  author={Bickel, Peter J and Li, Bo and others},
  booktitle={Complex Datasets and Inverse Problems},
  pages={177--186},
  year={2007},
  publisher={Institute of Mathematical Statistics}
}
@article{goldberg2009multi,
  title={Multi-manifold semi-supervised learning},
  author={Goldberg, Andrew B and Zhu, Xiaojin and Singh, Aarti and Xu, Zhiting and Nowak, Robert},
  year={2009}
}
@article{moscovich2016minimax,
  title={Minimax-optimal semi-supervised regression on unknown manifolds},
  author={Moscovich, Amit and Jaffe, Ariel and Nadler, Boaz},
  journal={arXiv preprint arXiv:1611.02221},
  year={2016}
}
@inproceedings{wasserman2008statistical,
  title={Statistical analysis of semi-supervised regression},
  author={Wasserman, Larry and Lafferty, John D},
  booktitle={International Conference on Neural Information Processing Systems},
  pages={801--808},
  year={2008}
}
@inproceedings{narang2013signal,
  title={Signal processing techniques for interpolation in graph structured data},
  author={Narang, Sunil K and Gadde, Akshay and Ortega, Antonio},
  booktitle={IEEE International Conference Acoustics, Speech and Signal Processing},
  pages={5445--5449},
  year={2013},
  organization={IEEE}
}
@inproceedings{narang2013localized,
  title={Localized iterative methods for interpolation in graph structured data},
  author={Narang, Sunil K and Gadde, Akshay and Sanou, Eduard and Ortega, Antonio},
  booktitle={Global Conference on Signal and Information Processing},
  pages={491--494},
  year={2013},
  organization={IEEE}
}
@inproceedings{gadde2014active,
  title={Active semi-supervised learning using sampling theory for graph signals},
  author={Gadde, Akshay and Anis, Aamir and Ortega, Antonio},
  booktitle={International Conference on Knowledge Discovery and Data Mining},
  pages={492--501},
  year={2014},
  organization={ACM}
}

