@article{scott2014predicting,
  title={Predicting the present with {B}ayesian structural time series},
  author={Scott, Steven L and Varian, Hal R},
  journal={International Journal of Mathematical Modelling and Numerical Optimisation},
  volume={5},
  number={1-2},
  pages={4--23},
  year={2014},
  publisher={Inderscience Publishers Ltd}
}

@incollection{scott2015bayesian,
  title={Bayesian variable selection for nowcasting economic time series},
  author={Scott, Steven L and Varian, Hal R},
  booktitle={Economic analysis of the digital economy},
  pages={119--135},
  year={2015},
  publisher={University of Chicago Press}
}

@article{varian2014big,
  title={Big data: New tricks for econometrics},
  author={Varian, Hal R},
  journal={The Journal of Economic Perspectives},
  volume={28},
  number={2},
  pages={3--27},
  year={2014},
  publisher={American Economic Association}
}

@book{harvey1990forecasting,
  title={Forecasting, structural time series models and the {K}alman filter},
  author={Harvey, Andrew C},
  year={1990},
  publisher={Cambridge university press}
}

@article{durbin2002simple,
  title={A simple and efficient simulation smoother for state space time series analysis},
  author={Durbin, James and Koopman, Siem Jan},
  journal={Biometrika},
  volume={89},
  number={3},
  pages={603--616},
  year={2002},
  publisher={Oxford University Press}
}

@article{petris2009dynamic,
  title={Dynamic linear models},
  author={Petris, Giovanni and Petrone, Sonia and Campagnoli, Patrizia},
  journal={Dynamic Linear Models with {R}},
  pages={31--84},
  year={2009},
  publisher={Springer}
}

@article{george1997approaches,
  title={Approaches for {B}ayesian variable selection},
  author={George, Edward I and McCulloch, Robert E},
  journal={Statistica sinica},
  pages={339--373},
  year={1997},
  publisher={JSTOR}
}

@article{madigan1994model,
  title={Model selection and accounting for model uncertainty in graphical models using {O}ccam's window},
  author={Madigan, David and Raftery, Adrian E},
  journal={Journal of the American Statistical Association},
  volume={89},
  number={428},
  pages={1535--1546},
  year={1994},
  publisher={Taylor \& Francis}
}

@article{hoeting1999bayesian,
  title={Bayesian model averaging: a tutorial},
  author={Hoeting, Jennifer A and Madigan, David and Raftery, Adrian E and Volinsky, Chris T},
  journal={Statistical science},
  pages={382--401},
  year={1999},
  publisher={JSTOR}
}

@article{preis2013quantifying,
  title={Quantifying trading behavior in financial markets using {G}oogle {T}rends},
  author={Preis, Tobias and Moat, Helen Susannah and Stanley, H Eugene},
  journal={Scientific reports},
  volume={3},
  pages={srep01684},
  year={2013},
  publisher={Nature Publishing Group}
}

@article{said1984testing,
  title={Testing for unit roots in autoregressive-moving average models of unknown order},
  author={Said, Said E and Dickey, David A},
  journal={Biometrika},
  volume={71},
  number={3},
  pages={599--607},
  year={1984},
  publisher={Oxford University Press}
}

@article{torgo2011data,
  title={Data mining with {R}},
  author={Torgo, Luis},
  journal={Learning with case studies. CRC, Boca Raton},
  year={2011}
}

@article{cleveland1990stl,
  title={{STL: A} seasonal-trend decomposition procedure based on loess},
  author={Cleveland, Robert B and Cleveland, William S and Terpenning, Irma},
  journal={Journal of Official Statistics},
  volume={6},
  number={1},
  pages={3},
  year={1990},
  publisher={Statistics Sweden (SCB)}
}

@incollection{griffiths2003bayesian,
  title={Bayesian inference in the seemingly unrelated regressions model},
  author={Griffiths, William E},
  booktitle={Computer-aided econometrics},
  pages={263--290},
  year={2003},
  publisher={CRC Press}
}

@book{rossi2012bayesian,
  title={Bayesian statistics and marketing},
  author={Rossi, Peter E and Allenby, Greg M and McCulloch, Rob},
  year={2012},
  publisher={John Wiley \& Sons}
}

@article{Jammalamadaka2018modeling,
  title={Modeling non-{G}aussian observations by the {B}ayesian structural time series model},
  author={Jammalamadaka, S. Rao and Qiu, Jinwen and Ning, Ning},
  year={2017},
  journal={working paper}
}

@book{mohri2012foundations,
	title={Foundations of machine learning},
	author={Mohri, Mehryar and Rostamizadeh, Afshin and Talwalkar, Ameet},
	year={2012},
	publisher={MIT press}
}

@article{dy2004feature,
	title={Feature selection for unsupervised learning},
	author={Dy, Jennifer G and Brodley, Carla E},
	journal={Journal of machine learning research},
	volume={5},
	number={Aug},
	pages={845--889},
	year={2004}
}

@article{cortes1995support,
	title={Support vector machine},
	author={Cortes, Corinna and Vapnik, Vladimir},
	journal={Machine learning},
	volume={20},
	number={3},
	pages={273--297},
	year={1995}
}

@article{guyon2003introduction,
	title={An introduction to variable and feature selection},
	author={Guyon, Isabelle and Elisseeff, Andr{\'e}},
	journal={Journal of machine learning research},
	volume={3},
	number={Mar},
	pages={1157--1182},
	year={2003}
}

@inproceedings{koo2007structured,
	title={Structured prediction models via the matrix-tree theorem},
	author={Koo, Terry and Globerson, Amir and Carreras P{\'e}rez, Xavier and Collins, Michael},
	booktitle={Joint Conference on Empirical Methods in Natural Language Processing and Computational Natural Language Learning (EMNLP-CoNLL)},
	pages={141--150},
	year={2007}
}

@article{bach2013hinge,
	title={Hinge-loss {M}arkov random fields: {C}onvex inference for structured prediction},
	author={Bach, Stephen and Huang, Bert and London, Ben and Getoor, Lise},
	journal={arXiv:1309.6813},
	year={2013}
}

@article{keerthi2003asymptotic,
	title={Asymptotic behaviors of support vector machines with {G}aussian kernel},
	author={Keerthi, S Sathiya and Lin, Chih-Jen},
	journal={Neural computation},
	volume={15},
	number={7},
	pages={1667--1689},
	year={2003},
	publisher={MIT Press}
}

@article{nowozin2011structured,
	title={Structured learning and prediction in computer vision},
	author={Nowozin, Sebastian and Lampert, Christoph H},
	journal={Foundations and Trends in Computer Graphics and Vision},
	volume={6},
	number={3--4},
	pages={185--365},
	year={2011},
	publisher={Now Publishers, Inc.}
}

@article{krishnapuram2005sparse,
	title={Sparse multinomial logistic regression: {F}ast algorithms and generalization bounds},
	author={Krishnapuram, Balaji and Carin, Lawrence and Figueiredo, Mario AT and Hartemink, Alexander J},
	journal={IEEE transactions on pattern analysis and machine intelligence},
	volume={27},
	number={6},
	pages={957--968},
	year={2005},
	publisher={IEEE}
}

@article{caron2006gps,
	title={{GPS/IMU} data fusion using multisensor {K}alman filtering: introduction of contextual aspects},
	author={Caron, Francois and Duflos, Emmanuel and Pomorski, Denis and Vanheeghe, Philippe},
	journal={Information fusion},
	volume={7},
	number={2},
	pages={221--230},
	year={2006},
	publisher={Elsevier}
}

@article{csato2002sparse,
	title={Sparse on-line {G}aussian processes},
	author={Csat{\'o}, Lehel and Opper, Manfred},
	journal={Neural computation},
	volume={14},
	number={3},
	pages={641--668},
	year={2002},
	publisher={MIT Press}
}

@article{harvey2007trends,
  title={Trends and cycles in economic time series: {A} {B}ayesian approach},
  author={Harvey, Andrew C and Trimbur, Thomas M and Van Dijk, Herman K},
  journal={Journal of Econometrics},
  volume={140},
  number={2},
  pages={618--649},
  year={2007},
  publisher={Elsevier}
}

@article{scott2017blog,
   title={Fitting Bayesian structural time series with the bsts {R} package},
   author={Scott, Steven L},
   year={2017},
   journal={http://www.unofficialgoogledatascience.com/2017/07/fitting-bayesian-structural-time series.html}
}

@article{Blei2017Science,
	title={Science and data science},
	author={Blei, D. and Smyth, P.},
	year={2017},
	journal={Proceedings of the National Academy of Sciences},
	volume={114},
	number={33},
	pages={8689--8692},
}

@article{peters2017elements,
	title={Elements of causal inference: foundations and learning algorithms},
	author={Peters, Jonas and Janzing, Dominik and Sch{\"o}lkopf, Bernhard},
	journal={MIT Press},
	volume={12},
	pages={978--0},
	year={2017}
}

@article{brodersen2015inferring,
	title={Inferring causal impact using {B}ayesian structural time-series models},
	author={Brodersen, Kay H and Gallusser, Fabian and Koehler, Jim and Remy, Nicolas and Scott, Steven L},
	journal={The Annals of Applied Statistics},
	volume={9},
	number={1},
	pages={247--274},
	year={2015},
	publisher={Institute of Mathematical Statistics}
}